2742 3909
322 322 369 459 72¹
464 366 1001 451 petrnssonnlun.

324 474 454 542 omnia?
479 474 606 541 Tecum
622 473 763 555 optime:
783 472 892 537 dein&
904 474 997 539 etiam
1009 493 1091 541 cum
1106 494 1179 541 me·

326 558 422 625 diocti
436 558 547 621 amico.
601 553 656 619 Sed
680 556 728 619 fac
751 555 804 619 illa
821 551 878 620 elle
895 576 961 620 non
981 557 1038 621 ino
1108 573 1180 637 rtu-

327 660 387 708 na:
407 641 479 722 quid
498 640 534 704 ed
548 638 713 703 utilitatem
725 651 829 702 tantae
845 639 1011 719 pecuniae?
1072 642 1140 707 ides
1152 642 1181 703 i·

275 774 281 785 .
327 728 426 807 gitur,
456 722 657 788 fiamicitiam
670 720 721 784 sua
733 720 1003 798 cantatemetiare‚
1015 721 1181 787 nihileil'e

305 832 309 839 ·
329 806 550 891 praestantius:
580 801 624 867 fin
642 804 869 880 emolumento,
891 804 1026 868 summas
1040 805 1180 870 familia·

328 893 443 966 ritatee,
456 888 644 973 praediorum
656 887 859 968 pretiosorum
869 887 1007 951 mercede
1027 888 1179 968 superari.

333 972 392 1068 Me
401 975 491 1071 igitur
514 970 612 1069 ipsum
623 988 703 1033 amet
726 982 862 1051 oportet,
883 988 1049 1047 nonanta,
1074 969 1179 1037 fiveri

331 1055 526 1203 amillil'tlli
538 1054 649 1199 silini}
661 1134 695 1198 in
716 1137 800 1200 rebus
825 1131 1012 1217 apertiffimis
1038 1136 1181 1204 nimium

335 1212 423 1301 longi
436 1220 548 1283 sumus.
580 1216 819 1299 perfeetomim
843 1218 875 1281 &
888 1218 1056 1295 concluso,
1078 1239 1183 1303 neque

335 1303 508 1377 virtutibus,
532 1318 627 1380 neque
651 1300 791 1365 amicitiis
801 1301 926 1388 usquam
938 1300 1051 1365 locum
1064 1300 1182 1379 elle,li

336 1387 375 1451 ad
387 1384 577 1466 voluptatem
598 1384 706 1447 omnia
725 1382 910 1449 referantur:
932 1384 1009 1448 nihil
1026 1399 1183 1464 praeterea

336 1465 1181 1617 truttenlitllnfflutalffius

318 1635 375 1699 ad
399 1634 543 1716 reliquam
567 1568 742 1706 utiliorem
761 1568 855 1695 iiiam.
899 1629 1072 1712 Quoniam
1091 1635 1185 1716 igitur

335 1718 439 1783 omnis
465 1716 582 1779 summa
592 1713 809 1795 philosophiae,
835 1715 871 1778 ad
895 1716 983 1778 beate
1009 1718 1185 1783 vivendum

341 1798 480 1874 refertur,
502 1798 587 1877 idque
600 1814 699 1859 unum
721 1810 895 1879 expetentes
915 1794 1067 1864 homines
1091 1800 1125 1865 se
1150 1799 1183 1864 ad

341 1882 404 1945 hoc
417 1880 547 1945 studium
560 1878 779 1945 contulerunt:
809 1882 894 1945 beate
905 1892 1012 1945 autem
1026 1883 1140 1949 vivere
1155 1904 1184 1948 a·

336 1966 372 2030 lli
385 1964 417 2028 in
430 1963 504 2040 alio,
526 1980 583 2026 vos
594 1964 627 2027 in
639 1962 798 2043 voluptate
810 1962 936 2043 ponitis,
960 1962 1044 2028 item
1058 1980 1185 2041 eontra,

338 2064 469 2114 omnem
482 2046 689 2141 infelicitatem
701 2047 734 2109 in
747 2046 872 2111 dolore:
892 2045 922 2108 id
935 2046 1085 2125 primum
1103 2051 1186 2114 vide-

339 2123 1188 2293 riulan

339 2309 425 2371 tum,
444 2296 507 2361 ido
550 2307 627 2359 rtere
640 2306 744 2358 totum
756 2315 830 2375 pom
844 2294 876 2358 in
943 2294 1054 2359 testate
1069 2299 1190 2380 sapien·

338 2380 389 2443 tis.
406 2398 490 2455 nam,
515 2400 526 2441 ι
538 2378 639 2441 amitti
649 2376 712 2440 vita
723 2379 808 2441 bonta
858 2389 887 2440 te
914 2420 925 2453 ,
945 2377 1034 2439 beata
1043 2377 1111 2445 effe
1124 2398 1188 2446 nou

363 2462 451 2610 ote&
472 2462 538 2545 quis
560 2461 643 2525 enim
660 2459 789 2525 conlidit
807 2460 920 2541 semper
936 2454 989 2521 fibi
1001 2459 1088 2527 illud
1103 2464 1189 2528 stabi-

338 2482 382 2621 le,
450 2542 580 2619 ⁴firmum
593 2543 833 2623 permansurum,
852 2542 936 2625 quod
946 2540 1075 2620 fragile,
1092 2546 1128 2609 &
1144 2566 1190 2612 m·

341 2630 457 2693 ducum
471 2620 506 2692 stt
521 2625 533 2691 l
555 2626 605 2707 qui
622 2640 724 2689 autem
737 2621 846 2690 diffuet
868 2626 1068 2705 perpetuitati
1083 2631 1189 2695 bono·

340 2728 412 2773 rum
439 2711 574 2784 suorum,
596 2708 704 2773 timeat
725 2704 837 2772 necesse
860 2706 917 2784 est,
938 2726 977 2770 ne
999 2705 1191 2792 aliquando,

342 2789 534 2883 amiisrsillis,
548 2790 699 2887 ·fitmiler.
725 2784 1064 2855 beatusautemeffein
1087 2796 1193 2859 mxl

342 2870 955 3039 &lullltltltlttttlt
967 2870 1194 3041 elim

251 3097 255 3111 .
342 3042 393 3106 sed
410 3044 442 3107 in
454 3042 651 3123 perpetuitate
664 3040 807 3121 temporis
818 3039 880 3101 vita
891 3039 976 3101 beata
988 3037 1067 3103 duci
1088 3040 1194 3109 solet:

341 3140 438 3205 neque
449 3123 616 3205 appelletur
628 3124 760 3187 omnino
773 3123 837 3186 vita
846 3121 942 3196 beata,
960 3116 1195 3201 niliconfeeh,

340 3216 431 3297 utque
446 3205 594 3279 absoluta:
616 3225 675 3278 uec
694 3204 960 3291 putetquisquam
980 3200 1059 3273 uliae
1083 3208 1197 3362 beatpsts

1143 3314 1165 3363 e
