2742 3909
1206 188 1212 239 i

315 316 410 395 .¹5⁶
512 290 1076 385 DaFtusBoroarMar..

344 400 614 483 artibus'uolumus
626 420 804 483 attributam
822 396 878 483 ess'e
892 434 971 494 eam,
993 435 1076 499 quae
1088 434 1177 485 com·
1210 448 1212 475 2

220 533 225 542 ·
324 498 445 564 'munis
462 498 627 579 appellatur
646 502 820 582 prudentia:
851 519 940 580 quam
965 520 1092 579 omnes,
1128 488 1212 585 quii

342 580 452 665 cuique
464 581 592 647 artificio
614 585 767 670 praesunt,
787 585 894 649 debent
912 582 1030 649 habere.
1076 582 1178 651 Itane
1211 608 1212 643 1

219 688 225 699 ·
321 666 327 673 ’
344 664 405 729 hoc
422 666 516 729 modo
537 667 619 748 paria
639 669 761 751 quidem
774 681 895 749 peccata
914 667 999 733 sunt.

321 748 326 755 '
384 742 550 813 XXVIII.
581 746 1178 826 Uaoartutamen‚&nihilremit·
1210 748 1212 835 J

340 838 426 903 tunt,
450 828 654 915 Quoniam,‘
688 834 804 911 'uiuut,¹
823 852 917 897 omne
930 834 1178 915 peccatum,im·
1211 848 1212 909 ζ

340 912 523 992 becillitatis,
537 852 794 983 &incomffmtiae
806 914 869 983 est:
890 916 964 980 haec
976 929 1084 980 autem
1093 918 1177 991 vitia,
1211 914 1212 977 i

344 999 377 1061 in
391 998 531 1063 omnibus
543 999 639 1063 stultis
651 1006 741 1081 aeque
759 1017 869 1080 magna
888 1000 976 1065 sunt:
1008 994 1125 1065 neoeffe
1137 1000 1178 1063 eli
1211 996 1212 1021 ¹

343 1078 491 1179 ptriaeffe
503 1094 634 1161 peccata.
677 1079 772 1165 Qpafi
796 1101 869 1147 vero
894 1094 949 1147 aut
976 1080 1176 1158 coucedatur,

342 1184 376 1231 tn
395 1165 534 1229 omnibus
547 1162 643 1229 stultis
662 1185 754 1249 aeque
767 1184 817 1229 ma
860 1160 949 1229 aeffe
970 1164 1060 1239 vitia,
1083 1162 1178 1229 &et-

343 1246 414 1312 dem
431 1246 645 1325 imbecillitate,
668 1247 699 1311 δι
722 1248 816 1311 incon
860 1250 923 1311 ntia
936 1240 978 1311 L.
1008 1240 1177 1311 Tubulum
1211 1268 1212 1281 ¹

344 1326 441 1407 furui,
483 1350 521 1392 ua
533 1328 634 1405 illum,
656 1331 741 1413 cujus
753 1332 776 1395 is
790 1330 1009 1395 condemnatus
1028 1326 1074 1393 est
1088 1348 1175 1411 roga·

345 1412 442 1490 tione,
462 1348 498 1474 g.
516 1410 708 1477 Scaevolam:
719 1412 761 1477 .&
774 1410 854 1497 quali
867 1411 941 1477 nihil
956 1414 1174 1493 internaque

342 1514 402 1579 que
415 1496 501 1575 ipsas,
522 1498 554 1560 iu
580 1499 686 1578 quibus
705 1510 857 1577 peccatur,
878 1493 995 1561 interfit
1006 1520 1018 1570 ;
1039 1508 1092 1573 ut,
1115 1510 1174 1577 quo

343 1578 399 1646 hae
413 1579 553 1662 majores,
573 1580 742 1645 minoresve
751 1577 822 1654 iint,
841 1598 893 1654 eo,
913 1600 989 1665 quae
1011 1593 1175 1659 peccentur

289 1718 293 1728 ,
345 1664 378 1725 in
391 1664 436 1727 iris
457 1663 555 1736 rebus,
575 1674 628 1724 aut
645 1662 760 1745 majora
776 1660 845 1737 sutt,
863 1676 916 1725 aut
938 1662 1078 1733 arama,
1109 1654 1173 1723 ‘Iti-

331 1744 402 1840 'que
426 1742 509 1825 (jam
524 1744 608 1820 enirn
620 1742 820 1809 conciudatur
833 1742 954 1825 oratio)
974 1744 1034 1808 hoc
1048 1764 1118 1807 uno
1131 1745 1175 1806 vi-

333 1830 392 1892 'tto
405 1828 539 1889 maxime
551 1825 627 1889 mihi
644 1829 740 1907 premi
758 1826 897 1891 videntur
911 1826 955 1891 tui
971 1822 1082 1901 Stoici,
1096 1826 1174 1907 quod
1211 1828 1212 1833 ’

347 1908 378 1973 se'
389 1904 470 1989 porse
486 1921 596 1989 putant
607 1910 679 1973 duas
690 1910 851 1979 contrarias
860 1906 1019 1983 sententiaa
1028 1911 1173 1976 obtinere.

346 1994 416 2071 quid
438 1991 522 2059 enim
540 1993 581 2055 est
596 2005 661 2055 tam
676 1989 859 2075 repugnans,
877 2011 969 2075 quam
987 1992 1122 2059 eundem
1135 1992 1175 2055 di·

328 2074 424 2152 scere,
445 2076 527 2159 quod
552 2075 714 2145 honestum
729 2073 778 2152 fit,
798 2074 899 2143 solum
921 2074 951 2139 id
965 2078 1086 2138 bonum
1110 2064 1174 2150 effe,

344 2160 398 2242 qui
416 2158 507 2231 iicet,
529 2160 747 2239 appetitionem
763 2176 863 2223 rerum
874 2158 910 2221 ad
933 2156 1106 2221 vivendum
1128 2178 1175 2221 ac·

345 2243 621 2317 commodatarum,
644 2262 663 2305 a
686 2255 793 2305 natura
806 2238 998 2323 profetiam?
1032 2235 1085 2303 Ita
1106 2260 1176 2303 cum

348 2344 384 2391 ea
396 2323 508 2389 volunt
523 2326 664 2400 retinere,
682 2344 758 2406 quae
772 2321 914 2413 superipri
921 2322 1088 2405 sententiae
1101 2342 1175 2387 cou-
1211 2352 1212 2397 t

348 2408 493 2483 veniunt,
504 2409 537 2471 in
549 2406 724 2473 Aristonem
736 2408 890 2471 incidunt:
910 2404 1176 2485 cumidfugiuut3

348 2505 381 2555 re
394 2491 496 2555 eedem
507 2489 683 2563 defendunt,
703 2510 778 2571 quae
791 2484 998 2569 Peripatetici3
1029 2488 1122 2551 verba
1134 2503 1175 2551 te·

338 2568 426 2641 'nent
439 2574 598 2637 mordicus.
619 2591 694 2653 quae
708 2570 804 2635 rursus
817 2568 953 2634 dumfibi
966 2566 1054 2635 evelli
1072 2589 1116 2633 ex
1128 2590 1175 2632 or-

338 2658 420 2741 tsrne
432 2656 558 2732 nolunt,
576 2656 753 2719 horridiores
766 2656 911 2732 evadunt,
931 2652 1109 2733 asperiores,
1122 2654 1176 2715 du·

339 2738 441 2822 priorm
461 2738 710 2813 &orationem
734 2738 878 2801 moribua
956 2756 1028 2799 uam
1050 2734 1176 2798 iliorum

347 2821 510 2899 tristitiam,
521 2836 609 2904 atque
617 2822 804 2901 asperitatem
815 2821 933 2899 fugiens
965 2818 1176 2893 ameriusmer

352 2905 541 2971 acerbitasem
566 2904 793 2981 sententiarum,
825 2922 879 2965 nec
907 2896 1061 2965 differendi
1085 2898 1179 2981 spinas

343 2990 506 3071 probavit:
528 2987 646 3071 fuitque
656 2988 689 3049 in
702 2986 795 3049 altero
818 3004 926 3065 genere
938 2984 1058 3059 mitior,
1081 2984 1114 3046 in
1134 2978 1178 3047 al·

345 3085 413 3137 tero
437 3071 597 3136 illustrior:
627 3068 688 3134 sem
711 3088 798 3151 etque
825 3066 928 3133 habuit
947 3068 979 3129 io
1001 3086 1055 3131 ore
1074 3058 1178 3129 Plato·

346 3172 437 3227 nem,
453 3152 662 3227 Aristotelem,
710 3164 899 3227 enocratem,
914 3146 1179 3229 Theophrastum,

347 3230 582 3315 Dicaearchum,
604 3248 640 3297 ut
661 3232 750 3315 ipfius
773 3235 881 3316 scripta
903 3230 1067 3297 declarant.
1104 3248 1179 3376 {uos

1059 3332 1113 3395 qur
1131 3332 1178 3383 em
