2742 3909
353 370 359 383 '
465 352 634 423 Lrnnn
675 351 754 422 Ν,-
986 352 1042 440 i47

217 457 515 528 tronea-enmono
531 486 576 540 ea,
599 481 692 547 quam
706 454 903 541 Peripatetici,
924 472 961 527 ut
974 462 1041 528 sen-

215 550 275 611 tite
296 562 418 629 quoque
430 546 523 621 aliud,
559 568 623 610 non
643 547 743 610 solum
768 548 861 610 dicere
878 550 1037 613 videretur.

217 628 332 712 Qid?
352 633 387 693 de
410 633 469 709 ipsa
492 632 573 693 beata
586 636 660 705 vita,
682 631 719 691 ad
733 645 824 708 quam
839 633 941 693 omnia
962 632 1036 695 refe-

211 724 339 789 runrut,
359 732 433 795 quae
450 713 570 775 dicitis?
593 712 703 793 negatis
720 731 784 772 eam
798 708 864 786 ell'e,
885 732 960 794 quae
978 733 1036 776 ex·

210 796 294 875 plera
307 795 341 857 fit
354 797 493 857 omnibus
507 796 540 858 iis
557 798 654 868 rebus,
675 812 745 874 quas
757 808 861 855 natura
878 794 1014 861 desideret
1026 814 1035 860 t

211 890 369 955 totamque
387 894 453 940 earn
479 882 511 940 in
530 896 591 941 una
610 882 722 940 virtute
745 878 872 955 ponitis:
902 896 1032 957 cumque

207 955 309 1025 omnls
327 958 526 1024 controversia
540 973 593 1023 aut
606 962 641 1023 de
649 979 680 1023 re
695 957 798 1032 soleat,
812 961 910 1023 autde
929 965 1030 1027 nomi·

206 1044 247 1106 tie
261 1042 317 1107 elle
326 1071 337 1118 ;
361 1057 484 1123 utraque
503 1062 605 1107 earum
619 1043 761 1115 nascitur,
783 1038 803 1103 fi
819 1055 872 1105 aut
885 1062 929 1105 res
940 1047 1028 1125 igno·

201 1140 300 1202 ratur,
321 1140 375 1191 aut
397 1140 510 1191 erratur
531 1127 563 1189 in
590 1126 724 1189 nomine.
754 1138 885 1203 quotum
910 1124 930 1188 fi
951 1144 1027 1189 neu·

200 1222 287 1273 trum
315 1210 369 1285 est,
401 1229 490 1286 opera
515 1210 610 1272 danda
635 1207 689 1282 eli,
719 1218 755 1267 ut
783 1208 876 1271 verbis
903 1222 1027 1273 utamur·

201 1304 293 1371 quam'
313 1290 514 1369 usitatiffimis,
530 1294 560 1356 δι
572 1310 662 1371 quam
681 1291 811 1353 maxime
824 1292 911 1369 aptis,
925 1293 953 1355 id
967 1294 1022 1371 est,

199 1394 264 1437 tem
292 1374 514 1439 declarantibus.
566 1374 659 1435 Num
681 1372 777 1451 'igitur
806 1374 931 1435 dubium
964 1377 1019 1452 est,

196 1460 286 1537 quin,
316 1456 383 1521 fiin
396 1478 427 1521 te
445 1457 505 1537 ipsa
523 1456 596 1521 nihil
618 1468 757 1537 peccatur
774 1476 791 1517 a
808 1456 1018 1535 superioribus,

196 1542 295 1604 verbis
306 1542 350 1605 illi
364 1540 554 1604 commodius
567 1552 699 1601 utuntur
713 1535 724 1597 i

237 1622 336 1686 XXI.
358 1621 390 1682 V
401 1642 413 1683 1
425 1638 447 1683 n
461 1639 479 1683 Ε
492 1638 515 1681 Α
527 1639 555 1683 nt
568 1638 590 1682 u
601 1642 615 1683 s
625 1622 718 1702 igitur
725 1618 880 1683 sententias
889 1638 994 1688 eorum
1006 1641 1014 1684 t

194 1716 265 1770 tum
286 1709 321 1769 ad
347 1709 433 1769 verba
456 1706 616 1770 redeamus.
659 1701 782 1767 Dicunt
799 1706 1013 1784 appetitionem

190 1790 287 1851 animi
301 1792 428 1863 moveri,
442 1807 516 1851 cum
531 1788 640 1867 aliquid
648 1788 676 1849 ei
693 1787 858 1850 secundum
875 1800 1015 1853 naturam

188 1866 247 1933 effe
270 1874 426 1936 videatur:
456 1872 629 1950 omniaque,
650 1886 724 1947 quae
741 1869 904 1932 secundum
921 1886 1013 1933 natu·

186 1966 255 2015 ram
276 1955 360 2029 sunt,
381 1954 582 2017 aestimatione
595 1953 690 2029 aliqua
702 1953 808 2028 digna:
842 1970 931 2029 eaque
952 1974 1009 2032 pto
1066 1954 1069 1959 ’

185 2038 238 2111 e'o,
260 2053 410 2114 quantum
428 2039 460 2100 in
473 2052 595 2117 quoque
618 2031 654 2095 stt
669 2033 820 2111 ponderis,
854 2032 910 2095 ell'e
926 2037 1010 2099 aesti-

184 2122 313 2181 manda:
336 2138 466 2200 quaeque
479 2117 645 2181 secundum
653 2127 792 2175 naturam
805 2110 875 2189 sint,
899 2117 1009 2194 partim

183 2202 263 2265 nihil
283 2204 386 2267 habere
399 2206 430 2266 in
453 2200 581 2283 seseejus
602 2198 803 2278 appetitioniS,
824 2198 860 2260 de
880 2212 937 2275 qua
946 2200 1007 2262 sae-

182 2306 222 2365 pe
230 2284 301 2367 jam‘
309 2287 454 2357 diximus,
474 2302 550 2366 quae
564 2301 619 2345 nec
632 2278 767 2353 honesta,
786 2296 841 2342 nec
853 2278 1009 2349 laudabilia

180 2366 345 2431 dicantur:
380 2369 489 2449 partim
511 2383 586 2446 quae
614 2362 807 2443 voluptatem
828 2361 954 2427 habeant
969 2364 1003 2431 in

180 2452 272 2513 omni
284 2453 449 2525 animante,
470 2450 517 2513 sed
535 2448 568 2511 itt
586 2447 712 2511 homine
723 2445 872 2508 rationem
894 2446 999 2511 etiam:

180 2548 221 2596 ex
253 2534 289 2597 iis
315 2550 390 2613 quae
411 2530 470 2595 lint
498 2544 577 2612 apta,
609 2549 643 2593 ea
659 2527 795 2603 honesta,
830 2546 863 2591 ea
885 2526 1002 2607 pulcra,

174 2634 211 2679 ea
226 2615 398 2682 laudabilia:
420 2614 472 2679 illa
487 2626 588 2677 autern
600 2612 761 2693 superiora,
785 2608 930 2673 naturalia
941 2630 1001 2677 no*

177 2700 354 2761 minantur:
389 2716 474 2779 quae,
501 2692 666 2779 conjundia
691 2710 764 2755 cum
791 2692 933 2771 honestis,
954 2699 1029 2762 vi·'

175 2795 243 2844 tam
263 2784 381 2845 beatam
397 2778 569 2861 perficiunt,
585 2775 798 2841 &absolvunt
842 2773 1001 2844 Omnium
1109 2834 1110 2837 ,

176 2882 283 2929 autem
315 2882 423 2927 eorum
460 2860 709 2932 commodorum,
728 2856 847 2948 ‘quibus
870 2876 935 2922 non
959 2860 1002 2926 illl

193 2946 244 3008 lus
265 2946 416 3022 tribuunt,
443 2946 495 3025 qui
515 2942 567 3007 illa
586 2944 667 3005 bona
692 2936 747 3003 elle
765 2940 884 3016 dicunt,
904 2959 996 3021 quam

205 3048 282 3103 eno,
304 3030 355 3109 qui
371 3022 488 3109 negat,'
513 3026 606 3104 longe
631 3017 907 3105 praeliantilltmum
928 3022 997 3103 elle,

171 3112 255 3189 quod
268 3111 431 3174 honestum
445 3107 527 3184 elset,
536 3122 624 3185 atque
632 3104 792 3169 laudabile:
814 3104 874 3178 sed,
897 3101 918 3169 fi
932 3106 996 3171 duo

170 3190 298 3256 honesta
317 3190 469 3274 proposita
490 3188 561 3265 lint,
581 3188 711 3253 alterum
730 3200 804 3249 curn
817 3185 995 3271 valitudine,

166 3274 300 3342 alterum
315 3294 390 3341 curn
403 3276 510 3340 morbo
521 3294 528 3333 :
538 3292 623 3416 I{ton
644 3268 701 3335 effe
721 3270 861 3345 dubium,
894 3268 930 3335 ad
952 3291 995 3335 u«

595 3374 611 3411 2
919 3366 1003 3423 uum
