2742 3909
593 358 760 423 Lrorn
802 355 828 423 l.
1093 388 1114 450 7

284 468 448 533 continent
471 481 608 537 omnem,
630 459 841 541 negligentur?
877 444 975 541 Narir,
995 476 1031 531 ut
1055 465 1114 534 fint

284 549 334 613 illa
348 546 556 620 vendibiliora,
571 544 642 607 haec
655 545 790 606 uberiora
803 558 881 609 certe
894 547 980 611 sunt:
1000 569 1109 631 quam-

281 652 376 713 quam
389 633 420 693 id
433 629 554 710 quidem
575 627 674 691 licebit
696 626 729 688 iis
748 626 936 704 existumare,
958 632 1007 709 qui
1027 633 1107 712 lege-

283 718 355 778 rint.
414 712 486 775 Nos
502 722 601 772 autem
620 709 697 770 hanc
710 728 835 771 omnem
854 710 1055 792 quaestionem
1074 714 1109 778 de

271 794 382 885 finibus
406 794 536 855 bonorum
550 791 585 852 δ’
596 788 746 867 malorum,
766 791 856 856 ferea
873 792 957 857 nobis
973 797 1105 877 explica·

281 894 346 942 ram
366 874 423 941 esse
436 877 482 941 his
494 875 597 938 litteris
609 875 801 936 arbitramur:
823 874 853 935 in
873 875 989 955 quibus,
1009 898 1106 960 quan·

278 977 351 1025 tum
370 962 537 1040 potuimus,
559 976 625 1020 non
636 957 730 1019 modo
740 956 808 1035 quid
818 956 902 1017 nobis
919 960 1104 1039 probaretur,

278 1044 432 1108 sedetiam
444 1037 669 1125 quidasrngulis
682 1037 883 1119 philosophiae
892 1040 1049 1121 disciplinis
1056 1045 1103 1109 di-

273 1139 408 1199 ceretur,
430 1122 573 1205 persecuti
591 1123 703 1184 sumus,

319 1206 363 1272 V.
386 1205 454 1269 Ur
479 1218 616 1269 autema
638 1203 784 1270 facillimis
810 1204 972 1283 ordiamur,
1006 1209 1103 1287 prima

276 1293 383 1354 veniat
396 1289 429 1352 in
455 1289 589 1352 medium
612 1284 735 1367 Epicuri
761 1288 850 1363 ratio,
871 1308 945 1370 quae
958 1289 1102 1374 plerisque

278 1369 501 1445 notiffimaest;
523 1388 613 1452 quam
626 1389 643 1432 a
658 1370 743 1432 nobis
761 1366 800 1433 fic
822 1371 968 1452 intelliges
980 1374 1100 1455 exposr·

278 1469 358 1532 tarn,
390 1469 426 1519 ut
454 1454 490 1516 ab
507 1449 584 1533 iplrs,
603 1454 654 1535 qui
675 1472 743 1519 eam
755 1450 940 1532 diniplinam
958 1458 1101 1536 probant,

279 1558 345 1601 non
367 1537 460 1602 soleat
472 1535 637 1598 adcuratius
649 1534 794 1614 explicari
808 1556 816 1595 :
840 1554 945 1601 vemm
957 1540 1101 1603 enimin.

276 1623 381 1685 venire
400 1618 554 1693 volumus,
576 1636 641 1683 non
661 1631 815 1698 tamquam
835 1616 1031 1685 adversarium
1047 1623 1102 1686 ali·

299 1723 369 1766 uem
388 1701 580 1766 convincere.
632 1699 784 1766 Adcurate
804 1712 905 1763 autem
917 1703 1102 1783 quondama

314 1832 322 1847 .
348 1782 422 1848 Tor
442 1795 527 1859 uato,
558 1784 683 1846 homine
707 1784 793 1845 omni
808 1780 945 1847 doctrina
966 1787 1098 1865 erudito,

274 1866 396 1933 defensa
407 1802 448 1930 ei
459 1863 583 1945 Epicuri
593 1868 738 1929 sententia
751 1867 786 1928 de
800 1861 986 1947 Voluptate3
1008 1888 1100 1933 ame-

272 1970 337 2033 que
349 1953 378 2014 ei
397 1948 584 2029 responsum,
605 1967 677 2011 cum
701 1947 741 2011 C.
771 1945 922 2024 Triarius,
946 1949 1103 2031 inprimis

277 2030 415 2113 gravis&
434 2026 540 2094 dodius
553 2029 731 2105 adolescens,
754 2031 780 2093 ei
793 2030 985 2108 disputationi
1006 2034 1100 2099 inter-

276 2112 359 2179 ellet.
413 2111 501 2177 Nam
524 2131 598 2175 cum
610 2115 646 2175 ad
659 2115 749 2177 mein
765 2110 943 2173 Cumanum
957 2112 1101 2180 salutandi

276 2194 373 2261 caussa
391 2190 668 2279 uterquevenilset3
689 2211 784 2274 pauca
796 2192 895 2273 primo
905 2192 984 2259 inter
995 2215 1051 2259 nos
1063 2198 1100 2263 de

273 2278 394 2356 litteris,
414 2294 541 2360 quarum
553 2278 708 2342 summum
734 2287 796 2340 erat
816 2276 848 2341 in
864 2288 913 2339 utr
954 2299 992 2346 ue
1008 2280 1099 2345 studi·

275 2380 349 2426 um:
378 2363 482 2430 deinde
506 2359 697 2446 Torquatus,
721 2358 879 2444 Quoniam
892 2378 947 2424 nat
963 2362 1028 2437 ite,
1049 2364 1098 2425 in-

273 2446 354 2524 quit,
384 2446 485 2508 sumus
502 2444 661 2526 aliquando
686 2443 831 2518 otiosum,
861 2454 942 2508 certe
966 2445 1097 2522 audiam,

271 2526 389 2609 quidsrt
406 2527 490 2610 quod
501 2524 668 2609 Epicurum
690 2526 828 2591 nostrum
847 2543 912 2587 non
926 2537 961 2589 tu
979 2527 1099 2605 quidem

275 2611 383 2687 oderis,
404 2623 440 2672 ut
454 2609 513 2672 sere
532 2608 647 2674 faciunt
665 2610 715 2688 qui
739 2610 775 2671 ab
787 2627 825 2670 eo
842 2602 1027 2684 dissentiunt,
1040 2610 1097 2674 ’sed

272 2707 432 2758 certenon
443 2692 560 2772 probet,
580 2712 667 2767 eum,
685 2693 777 2773 quem
787 2709 844 2772 ego
861 2691 986 2754 arbitror
998 2713 1098 2756 unum

275 2771 376 2840 vidisse
391 2793 511 2850 verum,
531 2774 738 2855 maxumisque
755 2772 899 2836 erroribus
911 2775 1027 2838 animos
1039 2776 1097 2838 ho-

276 2860 399 2923 minum
408 2855 580 2935 liberaville,
602 2855 750 2920 &omnia
767 2851 922 2932 tradidifl'e,
941 2875 1016 2939 quae
1028 2877 1097 2937 per·

273 2940 424 3006 tineutad
445 2942 522 3005 bene
538 2942 679 3021 beateque
698 2937 873 3001 vivendum.
914 2936 1098 3003 Sedexistu·

275 3045 343 3101 mo,
365 3037 409 3099 te,
430 3018 505 3086 ficut
528 3023 664 3088 nostrum
686 3017 858 3095 Triarium,
879 3022 980 3085 minus
990 3041 1028 3085 eo
1046 3022 1098 3087 de-

259 3104 390 3184 lectari,
423 3105 505 3188 quod
526 3106 579 3169 ista
598 3102 956 3180 Platonis,.Aristorelis,
986 3102 1098 3170 Theo-

273 3189 383 3269 phrasti
395 3188 538 3253 orationis
547 3198 724 3253 ornamenta
733 3185 919 3267 neglexerit:
941 3206 1011 3252 nam
1024 3188 1098 3251 illue

268 3272 394 3355 quidem
415 3269 520 3340 adduci
540 3272 595 3342 rin
617 3265 749 3419 passum,
770 3281 806 3366 ut
825 3288 877 3353 on,
892 3288 968 3357 quae
980 3270 1099 3416 senseppt

693 3369 715 3435 4
805 3395 810 3402 ·
1082 3371 1120 3428 bt
