2742 3909
468 320 705 391 LrurnV.
966 292 1054 405 Ι195

214 422 326 510 airpeti
341 424 463 489 dicant:
497 427 604 492 deinde
626 426 857 503 consuetudine,
878 420 957 506 quali
977 423 1055 491 alte·

218 527 291 574 ram
312 521 466 586 naturam,
487 506 576 585 effici,
596 529 657 592 qua
673 508 794 591 impulsi
812 507 1054 585 multandum,
1093 582 1096 591 ‚

218 591 342 657 nullam
359 604 532 673 quaerentes
553 592 754 673 voluptatem.
811 589 906 656 Stoici
931 590 1054 657 restant.

217 675 255 746 hi
266 675 388 757 quidem
395 693 461 739 non
475 693 568 739 unam
580 676 724 759 aliquam,
733 685 784 740 aut
793 674 918 739 alteram
930 694 947 737 a
957 673 1057 750 nobis,

215 757 275 821 ⁷sed
297 765 395 821 totam
406 758 444 824 ad
456 758 485 822 se
497 756 631 822 nostram
657 756 878 841 philosophiam
898 756 1056 823 transtule·
1182 814 1186 819 .

218 852 308 904 runt.
329 852 431 923 atque,
451 854 488 904 ut
499 839 604 922 reliqui
616 842 707 919 sures,
728 858 831 906 earum
852 858 965 915 rerum,
986 855 1059 919 quaa

218 934 383 1003 ceperunt,
404 920 486 1003 srgua
507 930 724 989 commutant:
744 922 784 988 lrc
805 922 864 1001 illi,
886 934 921 987 ut
935 922 1056 989 senten·

218 1006 273 1069 tiis
287 1006 395 1069 nostris
408 1009 464 1086 pro
478 1006 536 1069 suis
546 1018 718 1085 uterentur,
740 1008 879 1081 nomina,
889 1017 1058 1091 ,tanlquam

179 1138 183 1145 .
216 1106 325 1153 rerum
344 1096 445 1164 notas,
466 1099 675 1162 mutaverunt.=
724 1086 774 1154 lta
790 1088 969 1171 relinquitur
994 1086 1078 1153 sota.

217 1171 296 1235 haec
322 1169 478 1252 disciplina
500 1172 592 1254 digua
616 1168 749 1236 studiosis
772 1172 973 1251 ingenuarum
984 1171 1060 1237 arti·

926 1254 1057 1334 naprin-

218 1274 293 1329 um,
313 1254 405 1336 digna
416 1255 550 1329 eruditis,
570 1253 853 1337 dignaclarisviris,
875 1256 903 1317 dr

216 1337 350 1417 cipibus,
370 1336 461 1416 digna
472 1338 599 1417 regibus.
642 1335 813 1420 Qaecum
830 1270 958 1412 dixisset,
971 1336 1058 1418 paul·

216 1419 348 1501 lumque
357 1414 518 1494 institisset,
539 1416 624 1503 Quid
645 1420 700 1496 eli,
726 1422 759 1484 in
781 1418 846 1484 uit?
878 1418 984 1483 satisne
997 1438 1058 1483 vo·

213 1502 266 1566 his
291 1502 396 1566 vide'or
446 1521 481 1565 ro
503 1520 575 1565 meo
587 1501 656 1645 jlure
673 1504 706 1567 in
726 1439 955 1567 veirisauribus
967 1520 1056 1567 com-

218 1582 399 1649 mentatus?
460 1597 566 1664 t²eg03
626 1604 647 1647 u
673 1602 760 1661 vero,
801 1586 941 1668 inquam,
968 1582 1055 1661 Piso,

215 1666 442 1748 ursaepealian
464 1664 503 1729 fic
513 1664 606 1730 ¹hodie
626 1666 669 1729 ita
679 1666 733 1731 ista
744 1662 828 1731 nolle
843 1666 922 1731 visus
942 1686 985 1742 es,
1006 1678 1056 1743 ut,
1121 1680 1124 1685 '

216 1747 243 1812 sr
271 1750 317 1811 tui
343 1751 431 1831 copia
457 1749 543 1813 nobis
565 1748 681 1830 semper
712 1749 809 1826 lieret,
831 1768 897 1812 non
921 1749 1058 1813 multum

218 1830 351 1897 Graecis
368 1832 758 1913 supplicandumputarem.
792 1833 872 1912 quod
905 1832 1005 1896 uidem
1020 1850 1058 1897 eo
1149 1904 1152 1911 Δ

215 1915 347 1997 probavi
360 1917 468 1996 magia,
487 1916 557 1997 quia
569 1914 709 1990 memini,
731 1913 862 1979 Staseam
910 1914 1056 1997 napolita-
1108 1950 1117 1963 .

216 2008 313 2073 rrum,
335 1996 597 2062 doctoremillum
622 2009 727 2073 tuum,
749 1996 884 2061 nobilem
911 1996 981 2061 sane
997 1994 1056 2062 Pe·

214 2080 243 2144 ri
285 2082 428 2155 uticum,
449 2080 604 2163 aliquanto
626 2078 680 2142 ista
702 2079 784 2143 secus
800 2079 899 2143 dicere
915 2078 1056 2161 solitum,

154 2235 155 2239 Ἰ
255 2163 423 2227 cutientem
435 2164 483 2241 iis,
504 2164 557 2244 qui
566 2162 706 2225 multum
720 2165 755 2227 in
770 2162 894 2249 fortuna
907 2161 1050 2239 secunda,

214 2258 273 2312 aut
284 2244 417 2323 adversa,
439 2244 575 2308 multum
587 2244 733 2321 inbonis,
751 2256 805 2308 aut
820 2243 908 2307 malis
920 2248 1056 2327 corporis

212 2331 381 2410 ponerent.
422 2324 477 2391 Est
499 2339 534 2389 ut
545 2328 630 2407 dicis,
649 2327 766 2409 inquit:
785 2327 837 2391 sed
844 2325 917 2391 haec
929 2329 965 2391 ab
974 2328 1058 2407 {An-

154 2469 155 2472 ,
211 2413 340 2485 tioch0‚
361 2410 467 2475 nostro
486 2409 636 2485 semihari,
655 2409 800 2473 dicuntur
809 2408 911 2473 multo
934 2411 1054 2489 melius,
1136 2412 1139 2419 ’
1204 2412 1208 2421 ’

213 2494 249 2559 δι
265 2494 387 2571 fortius,
408 2512 535 2577 quama
552 2490 650 2563 Stasea
666 2492 851 2557 dicebantur.
873 2509 1056 2577 quamquam

208 2595 359 2728 rara
376 2574 1054 2741 aarrsrqrrnlnst
1181 2618 1183 2621 ·

559 2728 575 2736 ..
654 2703 667 2736 r
1041 2692 1057 2709 ·

209 2743 532 2889 1)ιῖζὸὶῖῧέωέςῇ
550 2820 677 2901 Lucius,
699 2824 782 2890 Mihi
806 2770 885 2899 vero
897 2826 951 2891 ista
968 2827 1055 2893 valde
1131 2877 1135 2885 .

154 2938 155 2944 ¹
208 2909 343 2991 probata
356 2908 446 2971 sunt:
466 2909 549 2991 quod
570 2910 645 2973 item
662 2908 747 2974 fratri
757 2922 845 2993 puto.
890 2908 983 2973 Tum
996 2913 1056 2975 mi-

206 2992 245 3055 hi
275 2989 361 3064 Piso,
383 2988 588 3071 Quidergo?
626 2993 740 3074 inquit,
771 2992 861 3055 dasne
876 2992 1058 3059 adolescenti

205 3071 362 3139 veniam?
400 3093 442 3135 an
468 3092 541 3137 eum
565 3073 732 3139 discerem
752 3078 861 3151 mavia,
882 3095 958 3158 quae
984 3092 1059 3141 cum

207 3157 371 3239 praeclare
397 3156 545 3233 didicerit,
583 3157 659 3219 nihil
671 3158 776 3221 sciat?
812 3157 974 3237 Ego.veto
996 3160 1057 3235 isli,

201 3244 357 3327 inquam,
378 3239 536 3339 permitto.
567 3238 630 3386 se}q
647 3258 755 3319 nonne
768 3242 953 3320 ‘meministi
969 3241 1058 3387 .lrrrilri
1172 3266 1218 3301 a

434 3364 440 3370 -
653 3341 677 3401 2„
988 3341 1066 3393 rcere
