2742 3909
559 303 732 410 Lturttt
772 337 834 408 IV.
1044 364 1099 424 ¹4¹

244 467 303 519 τε
316 447 440 518 reteffit.
484 445 577 511 Stoici
600 460 714 521 autem,
734 447 816 526 quod
839 443 933 510 finem
953 448 1106 517 bonorum

258 532 303 600 in
319 556 382 599 una
391 535 504 597 virtute
513 541 648 611 ponunt,
658 526 765 591 similes
778 529 847 591 sunt
859 529 1001 595 illorum:
1023 534 1104 615 quod

232 633 376 686 autem
402 615 585 697 principium
597 608 687 675 officii
699 626 858 692 quaerunt,
880 612 1103 698 melius,quam

262 693 421 786 Pyrrho:
441 698 523 780 quod
541 716 575 760 ea
593 715 658 758 non
671 696 858 758 occurrentia
879 693 1013 775 fingunt,
1035 701 1103 762 vin-

263 797 352 849 cunt
372 781 570 858 Aristonem:
591 778 674 860 quod
686 791 788 841 autern
804 797 851 852 ea,
872 796 948 859 quae
964 780 1001 841 ad
1014 796 1103 846 natu-

265 882 339 932 ram
350 862 593 938 accommodata,
604 861 635 923 δι
645 878 696 939 per
709 861 738 924 se
747 857 914 924 ass'umenda
922 856 978 924 elle
987 863 1105 943 dieunt,

267 965 343 1014 non
356 947 527 1031 adjungunt
539 944 576 1008 ad
588 941 682 1006 finem
702 944 868 1020 bonorum,
902 943 1065 1020 desciseunt
1086 970 1103 1012 a

267 1045 397 1107 natura,
428 1027 603 1110 &quodam
620 1027 715 1089 modo
733 1025 802 1089 sunt
815 1045 880 1090 non
893 1022 1038 1091 diflimilee
1055 1029 1103 1093 A·

263 1115 404 1180 ristonis.
425 1111 567 1176 illeenim
574 1110 762 1173 occurrentia
773 1110 873 1173 nescio
886 1130 961 1192 quae
973 1114 1104 1175 commi·

268 1197 459 1268 miscebatur:
494 1193 526 1257 hi
541 1205 644 1256 autem
661 1205 784 1272 ponunt
805 1192 848 1255 illi
869 1194 990 1275 quidem
1010 1195 1105 1273 prinu

267 1293 413 1358 natutae,
433 1277 480 1341 sed
493 1297 527 1340 ea
546 1273 738 1357 sejungunta
761 1273 881 1352 finibus,
904 1275 966 1340 &a
989 1274 1107 1345 summa

271 1363 432 1442 bonorum
446 1382 453 1421 :
473 1379 547 1442 quae
556 1377 629 1421 cum
641 1371 833 1439 proponunt,
854 1372 890 1422 ut
900 1357 936 1423 fit
949 1359 1045 1443 aliqua
1057 1380 1105 1426 re-

255 1457 346 1512 'rum
359 1443 506 1516 selee‘li03
540 1453 679 1505 naturam
700 1441 838 1504 videntur
855 1442 945 1523 sequi.
966 1464 1039 1509 cum
1052 1465 1106 1509 au.

271 1541 341 1606 tem
355 1538 481 1608 negant,
495 1543 530 1588 ea
541 1523 704 1606 quidquam
717 1524 754 1586 ad
767 1525 883 1589 beatam
896 1526 991 1588 vitam
1014 1528 1105 1606 perti-

274 1631 360 1692 nere,
386 1608 485 1691 rursus
504 1606 841 1688 naturamrelinquunt.
894 1607 997 1689 Atque
1009 1609 1106 1675 adhuc

276 1716 312 1760 ee
334 1694 413 1769 dixi,
433 1709 488 1755 cur
508 1685 595 1754 causa
610 1688 737 1754 Zenoni
758 1708 825 1752 non
863 1685 971 1768 fuiffet,
998 1711 1105 1776 quam-

274 1781 384 1843 obrem
399 1773 617 1855 asuperiorum
635 1770 815 1837 auctoritate
833 1773 999 1842 discederet.
1023 1796 1106 1843 nunc

270 1857 388 1943 reliqua
408 1857 578 1922 videamus:
600 1852 655 1919 nist
676 1870 730 1921 aut
741 1856 872 1935 adhaec,
895 1855 991 1938 Cato,
1010 1862 1106 1927 dicere

272 1941 400 2027 aliquod
415 1942 472 2018 vit,
493 1951 545 2003 aut
558 1935 688 2021 uosjam
700 1938 851 2019 longiores
862 1940 973 2006 sumus.
1016 1943 1106 2009 Neu-

274 2043 362 2093 trum
384 2042 471 2102 vero,
493 2023 592 2105 inquit
612 2020 672 2085 ille.
695 2040 768 2085 nam
781 2021 840 2085 &a
858 2035 890 2085 te
906 2022 1008 2103 perfici
1021 2026 1107 2092 istam

275 2109 514 2191 disputationem
527 2105 614 2183 volu,
647 2116 772 2169 nectua
797 2102 872 2168 mihi
890 2105 989 2168 oratio
1014 2104 1109 2188 longa

274 2193 371 2260 videri
390 2188 497 2269 potest.
542 2185 684 2270 Optime,
704 2188 838 2270 inquam.
849 2187 931 2334 guid
953 2188 1038 2272 enim
1047 2193 1107 2256 mi·

275 2279 307 2341 hi
321 2271 422 2357 potest
433 2268 490 2336 effe
501 2272 745 2352 optatius,quam
758 2290 830 2335 cum
880 2282 983 2347 atone,
1004 2275 1108 2338 omni·

276 2380 334 2441 um
359 2357 511 2420 virtutum
532 2353 667 2437 aptiore,
688 2354 725 2418 de
750 2353 909 2418 virtutibus
933 2354 1104 2436 disputare?

275 2440 334 2507 Sed
344 2439 480 2522 primum
492 2435 567 2501 illud
579 2438 658 2512 vide,
679 2433 877 2515 graviiiimam
889 2434 973 2502 illam
981 2439 1107 2504 vestram

275 2522 473 2597 senteutiam,
493 2539 568 2600 quae
581 2518 727 2584 santiliam
743 2519 838 2596 ducit,
859 2519 1019 2596 honestum
1028 2524 1108 2602 quod

277 2606 327 2685 fit,
349 2607 381 2670 id
394 2599 450 2669 effe
468 2603 713 2665 solumbonum:
734 2602 911 2682 honesteque
923 2604 1037 2681 vivere,
1051 2606 1107 2669 bo·

280 2708 397 2755 norum
412 2686 518 2763 finem,
530 2705 728 2750 communem
737 2685 801 2750 fore
818 2687 902 2750 vobis
920 2705 993 2751 cum
1006 2689 1108 2753 omni·

279 2776 346 2850 bus,
368 2772 419 2855 qui
443 2771 476 2832 in
490 2788 552 2833 una
564 2771 676 2833 virtute
697 2768 886 2835 constituunt
900 2766 993 2836 finem
1010 2771 1108 2837 bono·

280 2875 375 2936 rum;
395 2852 537 2935 quodque
557 2853 665 2927 dicitis,
691 2851 849 2918 informari
869 2872 934 2917 non
953 2851 1035 2936 polle
1048 2856 1110 2917 vir·

281 2952 394 3014 tutem,
418 2933 439 2998 fi
460 2936 623 3017 quidpiam,
645 2932 699 2998 nifi
711 2934 794 3017 quod
804 2934 965 3001 honestum
983 2934 1032 3011 fit,
1048 2952 1108 2998 nu-

280 3034 426 3100 meretur,
445 3018 524 3082 idern
549 3018 663 3084 dicetur
689 3018 725 3083 ab
750 3017 821 3093 illis,
841 3036 917 3098 quos
939 3019 1032 3082 modo
1051 3038 1110 3083 no·

280 3103 409 3170 minavi.
441 3101 516 3165 mihi
539 3114 641 3166 autem
662 3101 782 3185 aequius
808 3101 972 3178 videbatur,
1002 3099 1111 3167 Zeno·

286 3186 360 3251 nem
373 3204 446 3260 cum
465 3182 634 3249 Polemone
647 3185 875 3265 disceptantem,
904 3203 1018 3269 aquo,
1038 3205 1113 3268 quae

295 3267 389 3336 edent
401 3265 546 3350 principia
558 3281 694 3345 natutae,
715 3279 878 3349 acceperat,
911 3270 1114 3411 acommugti-

1078 3366 1115 3411 us
