2742 3909
464 321 632 430 Lrnen
673 360 719 429 V.
765 394 804 419 .=
963 366 1002 427 rs

205 471 276 551 quid
292 464 440 551 gedednt,
473 482 547 533 nota
560 460 645 533 ndois
661 463 730 546 effe,
763 474 912 551 parentes,
932 475 1026 567 porri,
1048 496 1071 553 χ,

207 575 270 630 am,
300 552 397 617 multa
417 566 573 635 praeterea
587 552 713 615 minime
733 548 906 616 necessaria?
935 558 1023 639 quid,

208 637 293 719 quod
305 637 442 715 homines
459 632 564 699 infima
578 634 714 708 fortuna,
747 634 833 698 nulla
848 635 898 715 spe
920 655 1022 705 rerum

196 720 411 800 gerendarum,
431 718 550 798 opifices
567 716 705 796 deniqne,
725 715 909 782 delectentur
929 720 1023 787 hislo-

199 800 275 870 eia?
298 799 488 879 maximeque
507 819 558 863 eos
575 798 673 862 videre
696 795 850 881 pofl'umus
864 818 910 879 rer
932 804 1025 883 gestis
1048 866 1051 873 ,
1120 830 1124 835 ’

205 882 360 966 audire&
382 882 478 965 legere
498 880 587 957 velle,
608 882 689 959 quia
706 881 756 961 spe
767 881 887 961 gerendi
902 885 1023 965 absunt,

207 964 339 1029 confedli
362 964 522 1029 senectute.
586 960 745 1043 Quocirca·
761 961 887 1046 intelligi
913 964 1026 1035 necesse

1003 410 1166 475 5„

207 1048 261 1124 est,
283 1048 317 1109 in
329 1044 396 1128 ipfis
411 1048 508 1122 rebus,
520 1061 597 1128 quae
608 1044 776 1121 discuntur,
791 1045 1025 1127 &cognoscum
1152 1052 1154 1057 ’
1213 1114 1220 1131 ¹

196 1144 270 1207 rur,
291 1124 597 1204 invitamentaineffe,
609 1128 715 1205 quibus
727 1126 958 1214 addiscendum,
971 1152 1025 1198 co·

201 1210 471 1293 gnoscendumque
484 1226 672 1279 moveamur.
715 1212 765 1274 Ac
776 1222 886 1277 veteres
905 1214 1026 1295 quidem

204 1293 389 1385 philosophi,
404 1372 408 1379 ⁶
424 1294 456 1358 in
473 1296 630 1361 beatorum
641 1289 756 1369 insulis,
778 1288 913 1375 fingunt,
932 1297 1029 1382 qualis

207 1390 317 1441 natura
333 1374 373 1439 >fit
389 1374 452 1449 vita
474 1375 666 1460 sapientium,
686 1390 762 1455 quos
783 1394 859 1441 cura
880 1382 967 1443 omni
986 1364 1028 1444 lt:

202 1456 479 1535 neminemnam
500 1454 689 1538 necessarium
704 1457 787 1535 'vitae
808 1458 943 1539 cultum,
973 1475 1028 1527 aut
1113 1475 1115 1481 '

207 1555 350 1622 paratum
371 1543 562 1619 requirentes,
583 1538 750 1604 nihil'aliud
763 1535 820 1605 esse
831 1540 951 1609 acturos
966 1561 1026 1625 pu·

204 1635 289 1700 tant,
311 1620 365 1687 nili
386 1631 422 1685 ut
435 1642 528 1686 omne
540 1636 660 1704 tempus
680 1622 713 1686 in
722 1625 902 1702 quaerendo,
920 1644 954 1690 ac
967 1626 1027 1691 dis·-

193 1707 305 1779 ·cendo
319 1707 351 1770 in
368 1718 490 1776 naturae
502 1704 678 1785 cognitione
692 1702 882 1771 consumant.
903 1726 960 1771 nos
972 1728 1027 1775 au·
1131 1734 1134 1748 »
1211 1682 1214 1693 ’

204 1801 274 1868 tem
294 1807 359 1853 nou
381 1787 481 1853 solum
510 1787 610 1852 beatae
630 1786 710 1853 vitae
741 1786 827 1855 istam
852 1788 1028 1865 oblectatio·

201 1889 281 1952 nem
296 1871 444 1950 videmus,
477 1869 526 1934 sed
552 1868 644 1933 etiam
668 1867 877 1935 levamentum
902 1873 1030 1939 miseria·
1065 1879 1067 1885 '

204 1970 292 2016 rum.
314 1954 413 2035 itaque
425 1949 517 2017 multi
531 1970 604 2015 cum
621 1952 654 2014 in
680 1950 825 2031 potestate
836 1950 1031 2039 effenthosii·

202 2052 278 2111 um,
296 2049 350 2098 aut
363 2047 589 2117 tyrannorum
611 2032 702 2096 multi
728 2032 759 2097 in
775 2034 920 2112 custodia,
940 2037 1032 2113 multi

204 2117 242 2181 in
257 2114 377 2195 exsilio,
398 2114 534 2180 dolorem
553 2115 644 2179 suum
662 2112 817 2181 dodln'nae
829 2114 929 2182 studiis
945 2118 1028 2197 leun

202 2210 333 2264 verunt.
387 2198 527 2280 Princeps
546 2197 635 2279 hujus
651 2196 778 2261 civitatis
794 2194 949 2279 Phalereus
961 2194 1028 2279 De·

205 2283 338 2345 menius
355 2299 432 2345 cum
443 2282 537 2361 patria
555 2278 658 2361 pulsus
678 2275 747 2343 esset
766 2279 886 2365 injuria,
907 2283 942 2346 ad
953 2280 1028 2348 Pto·

203 2358 360 2429 lemaeum
382 2358 412 2427 se
432 2364 535 2443 regem
563 2361 778 2425 Alexandriam
807 2363 948 2429 contulit.
978 2370 1029 2447 qui

206 2465 285 2522 eum
307 2448 341 2511 in
357 2445 413 2509 hac
434 2444 494 2527 ipsa
508 2442 706 2526 philosophia,
726 2444 763 2507 ad
784 2440 874 2525 quam
887 2459 916 2510 te
927 2444 1029 2515 horta·
1118 2468 1123 2479 ·

205 2548 296 2606 mur,
324 2526 495 2605 excelleret,
522 2519 790 2607 'Theophrastique
810 2523 878 2604 edet
888 2528 1008 2594 auditor
1014 2558 1027 2609 3
1087 2541 1110 2569 ·=

204 2613 311 2677 multa
335 2609 481 2691 praeclara
500 2608 532 2673 in
550 2608 605 2673 illo
617 2608 790 2673 calamitoso
816 2610 1026 2693 otio‘scripfit‚

190 2713 277 2759 non
293 2694 328 2757 ad
341 2696 432 2757 usum
446 2692 577 2773 aliquem
588 2690 691 2765 suum,
724 2709 785 2773 quo
807 2704 868 2757 erat
888 2694 1029 2761 orbatus:
1068 2708 1070 2713 ·
1126 2682 1146 2711 '⁸

203 2776 260 2841 sed
272 2777 366 2840 animi
379 2775 481 2841 cultus
501 2774 564 2849 ille,
578 2785 640 2850 erat
653 2774 679 2853 ei
691 2770 772 2860 quast
788 2774 907 2853 quidam
919 2773 1050 2843 huma-²
1151 2834 1156 2846 .

199 2853 315 2925 ‘nitatis
336 2858 430 2921 cibus.
472 2854 618 2937 Equidem
632 2877 649 2919 e
663 2854 727 2919 Cn.
755 2852 893 2935 Aufidio,
913 2874 1048 2940 praeto--

198 2944 271 3019 rio,
291 2940 410 3007 erudito
426 2939 564 3016 homine,
594 2937 690 3002 oculis
709 2951 811 3017 capto,
831 2938 913 3021 saepe
930 2944 1030 3009 audie·

201 3028 294 3102 bam,
308 3042 381 3089 cum
395 3020 507 3101 selucis
520 3022 626 3101 magis,
635 3038 735 3104 quam·
745 3020 880 3085 utilitatis
893 3020 1031 3105 desiderio

200 3107 330 3175 moveri
339 3106 458 3170 dideret.
479 3103 622 3169 somnum
639 3104 767 3200 denique
784 3104 882 3191 nobis,
915 3102 970 3169 nist
984 3126 1032 3173 re·
1074 3164 1079 3177 .

186 3180 346 3272 'Quietem
363 3186 551 3269 corporibus,
575 3184 603 3249 dt
626 3186 805 3251 medicinam
817 3186 967 3271 quandam
986 3189 1032 3256 la,-

199 3275 293 3357 boris
304 3270 433 3358 afferet,
452 3281 560 3352 contra
575 3282 715 3337 naturam
732 3270 1046 3419 putuemusdaffim„

428 3365 431 3407 ἱ
916 3366 955 3419 'a
987 3368 1033 3423 ert
