2742 3909
461 322 731 393 'Lrnntilh
873 400 877 409 ¹
960 314 1032 411 '14'3

177 427 296 507 ,ullam
316 436 431 509 praeter
443 426 582 503 virtutes,
605 426 637 491 δι
651 428 735 507 vitia,
756 426 835 493 inter
854 448 925 537 quas
947 436 1035 519 qnid.
1154 434 1159 441 '

190 532 298 596 quam
316 512 449 573 omnino
477 508 638 586 interciet,
672 507 711 572 fic
738 530 831 577 errare
857 516 1033 596 zenonem,

189 596 255 743 lm
269 591 357 658 nulla
367 594 400 656 in
414 609 459 669 re,
479 588 533 657 nifi
546 594 578 657 in
591 595 716 671 virtute,
726 605 780 658 aut
791 596 881 672 vitio,
901 618 1033 683 propen-

205 696 334 752 1onem,
357 696 397 741 ne
414 674 534 739 minimi
550 676 673 757 quidem
695 678 858 754 momenti,
892 683 1032 757 adsum.
1077 728 1080 736 .

191 780 292 826 mum
307 760 428 823 bonurn
439 757 659 841 adipiscendum
673 754 729 822 elle
740 760 864 823 diceret:
894 762 938 842 δι,
959 786 1033 837 cum

188 845 233 910 ad
247 842 476 907 bmtamvitam
499 841 621 905 nullum
645 855 839 907 momentum
862 865 953 924 eures
978 850 1032 920 ha·

190 929 297 1001 beret,
325 924 361 987 ad
382 923 599 1005 appetitionem
616 937 719 988 autem
738 922 920 1005 revomere
941 932 973 1001 in
987 935 1032 1005 his

191 1019 362 1075 momenta
382 1007 511 1071 diceret:
545 1003 624 1105 quasi
638 1026 711 1073 vero
725 1008 797 1072 haec
809 1014 952 1091 appetitio
965 1018 1031 1089 non

187 1093 232 1159 ad
248 1090 362 1155 summi
378 1089 452 1152 boni
464 1090 653 1170 adeptionem
703 1092 835 1160 ttineret.
913 1094 962 1159 uid
975 1119 1031 1169 au.

190 1191 265 1242 tem
280 1173 382 1242 mines
394 1170 662 1237 consentaneume
689 1192 818 1259 ,quam
840 1192 902 1259 quo
930 1178 1029 1261 ajunt,

190 1257 331 1339 cognito
345 1255 465 1319 summo
479 1257 705 1332 bono,·reverti
723 1255 752 1321 le
769 1260 806 1322 ad
819 1273 970 1343 naturam,
992 1279 1028 1331 ut

189 1345 231 1407 ab
245 1359 284 1404 m
307 1350 412 1419 petant
437 1338 543 1417 agendi
563 1339 760 1419 principium,
781 1341 811 1403 id
838 1340 892 1419 est,
913 1342 1025 1418 officii?

190 1423 282 1488 Non
292 1422 376 1485 enim
387 1419 527 1497 astionis,
536 1434 589 1483 aut
599 1418 689 1484 officii
702 1421 778 1487 ratio
790 1424 918 1503 impellit
930 1430 966 1493 ad
979 1451 1026 1507 en,

187 1524 272 1588 quae
290 1504 455 1567 secundum
474 1503 709 1581 mummium,
729 1508 910 1587 appetenda:
929 1509 979 1579 sed
991 1516 1027 1583 ab

188 1593 240 1654 his
255 1587 288 1650 δι
302 1607 319 1650 a
378 1587 461 1662 titio,
477 1586 508 1650 u
525 1584 605 1650 allio
617 1601 842 1653 commovetur.

234 1603 341 1735 xvll
361 1713 370 1732 .
392 1667 428 1733 N
441 1686 462 1729 u
475 1686 528 1733 nc
547 1668 745 1748 venioadilla
762 1684 813 1739 tua
828 1673 938 1752 brevia,
950 1694 1026 1761 quae

185 1752 380 1823 conseilaria
397 1748 452 1846 eflse
477 1751 605 1817 dioebas:
642 1750 673 1817 δι
697 1756 831 1837 primum
846 1754 934 1839 illud,
963 1778 1027 1843 quo

182 1837 269 1905 nihil
322 1835 376 1919 teri
387 1832 446 1900 elle
450 1836 587 1901 brevius:
603 1834 732 1901 Bonum
743 1858 849 1917 omne,
862 1838 1005 1913 laudabile
1013 1869 1027 1921 3
1045 1852 1047 1859 ’

180 1922 260 1988 laud
300 1918 338 1984 ile
359 1932 466 1983 autern
486 1936 580 1983 omne
603 1918 785 1988 honestum:
814 1923 907 2003 igitur
932 1944 1027 1999 omne

182 2009 327 2081 bonum,
354 2000 525 2072 honestum.
569 1996 605 2064 0
630 2001 810 2081 plumbeum
836 2004 1026 2087 pugionem!

181 2086 275 2171 Quis
299 2081 383 2168 eninr
405 2084 458 2149 tibi
485 2082 559 2151 illud
583 2084 717 2167 primum
741 2084 941 2151 concelserit?
961 2106 1024 2175 quo

180 2168 317 2257 quidem
337 2163 489 2242 concello,
512 2164 620 2231 nihilo
689 2166 731 2231 est
744 2168 884 2233 secundo.
906 2164 1023 2243 fienim

182 2252 433 2329 omnebonum,
448 2248 619 2314 laudabilee
645 2294 656 2330 ,
685 2270 780 2317 omne
797 2248 1020 2326 honestumest.

183 2338 276 2421 Qis
298 2334 353 2396 ubi
376 2350 450 2415 ergo
468 2332 545 2396 istud
566 2333 657 2411 dabit,
677 2346 792 2415 praeter
816 2332 1020 2423 Pyrrhonem,

181 2418 383 2493 Aristonem,
398 2434 543 2481 eorumve
551 2412 678 2481 fimiles?
711 2438 766 2485 uos
779 2430 813 2483 ru
828 2438 892 2484 non
902 2422 1018 2503 probus.

178 2499 380 2576 Aristoteles,
396 2497 594 2577 Xenocrates,
608 2511 674 2563 tota
684 2436 735 2565 illa
747 2500 871 2583 familia,
894 2504 1021 2568 nondu-

174 2590 227 2653 bit
237 2610 250 2660 3
273 2584 386 2666 quippe
400 2581 454 2664 qui
468 2581 679 2661 valitudinem,
700 2587 789 2662 vires,
808 2584 937 2665 divitias,
949 2584 1021 2673 glo·

175 2674 277 2745 riam,
301 2667 399 2730 multa
410 2665 481 2747 alia,
495 2666 574 2731 bona
587 2664 642 2732 elle
651 2668 765 2744 dicant,
786 2666 939 2735 laudabilia
953 2686 1019 2735 non

176 2756 301 2819 dicant.
324 2748 586 2830 &mquidem-ita
604 2768 669 2813 non
693 2748 899 2831 iola‘virrure,
923 2748 1018 2823 finem

174 2838 344 2901 bonorum
357 2828 507 2899 contineri
519 2845 640 2914 putant,
662 2846 698 2896 ut
710 2835 793 2899 rebus
806 2846 907 2903 tamen
915 2838 1018 2903 omnl-

175 2923 240 2985 bus
253 2917 403 2980 virtutem
416 2930 615 3000 anteponant.
644 2914 714 3001 quid
733 2916 831 2981 censes
842 2937 893 2982 eos
904 2914 960 2983 ess'e
973 2919 1017 2983 fu-

176 3003 307 3075 ἃιιτοε,
328 3000 380 3080 qui
397 2997 528 3064 omnino
540 3000 684 3064 virtutem
699 3020 716 3066 a
735 3000 888 3073 bonorum
900 2998 962 3070 fine
973 3000 1017 3071 se·

174 3094 402 3167 gregnuerunt,
432 3079 612 3163 Epicurum,
637 3083 875 3167 Hieronymum,
903 3082 1017 3163 illose7

177 3171 278 3243 tiam,
311 3162 408 3247 siqui
431 3164 638 3231 Carneadeum
660 3165 754 3235 finem
776 3167 853 3235 tueri
877 3164 1016 3239 volumi,

176 3248 207 3337 J
209 3270 265 3314 am
279 3260 333 3313 aut
348 3247 504 3331 Callipho,
533 3263 585 3312 aut
600 3247 767 3330 Diodorus,
789 3266 851 3334 quo
872 3260 1018 3395 poterurssr

964 3345 1016 3395 lli
