2742 3909
428 429 430 432 ,
527 356 696 424 Libri-A
735 352 766 426 ’Ῑι
1030 366 1053 440 3

267 443 386 534 Pedere,
408 468 460 521 aur
472 475 573 534 arare,
594 470 645 520 aut
658 453 857 601 aliqtridserre'
870 453 1007 537 denique3

227 545 387 625 nonenim
409 541 498 605 illurn
511 542 545 604 ab
559 540 710 618 industria,
731 541 759 604 se
792 543 826 604 ab
849 534 990 604 inliberali
1008 541 1053 606 la·

226 632 299 691 bore
312 629 460 688 deterret:
480 621 519 690 fic
528 623 572 690 itti
585 622 705 698 curiosi,
726 643 801 705 quos
810 621 934 686 offendit
948 624 1048 689 noster

227 711 355 773 minime
376 706 461 770 nobis
481 706 660 787 injucundus
681 705 774 773 labor.

234 855 238 861 ,
268 789 314 853 11.
348 786 427 853 Hrs
447 788 539 867 igitur
550 788 591 850 est
605 783 751 854 difficilius
766 786 934 861 satisfacere,
954 787 1049 869 quise

228 870 342 936 Latina
354 871 461 948 scripta
472 871 576 933 dicunt
588 874 791 938 contemnere.
834 867 1052 950 Inquibutjhoc

226 958 364 1035 primurn
378 952 432 1026 est,
454 952 485 1013 in
504 972 567 1034 quo
581 952 727 1027 adulter,
759 971 812 1019 cur
829 953 861 1014 in
880 949 1055 1031 gravissimis,

227 1040 314 1102 rebus
328 1055 394 1097 non
412 1033 536 1100 delectet
553 1054 604 1097 eos
615 1037 726 1114 patrius
738 1035 847 1110 senno,
878 1054 950 1097 cum
961 1033 1064 1114 iideui⁴

224 1118 347 1185 fabellas
373 1115 494 1180 Latinas
515 1118 552 1184 ad
574 1118 698 1182 verbum
718 1118 754 1181 de
769 1114 894 1179 Graecis
906 1114 1053 1197 exprellas

226 1222 296 1267 non
310 1199 399 1276 iuviti
411 1199 521 1279 legant,
564 1198 642 1286 le
655 1202 736 1264 enirn
750 1213 813 1266 tarn
824 1200 963 1262 inimicus
975 1220 1053 1280 pene

226 1284 351 1364 nomini
373 1276 517 1344 Romano
529 1280 583 1355 est,
618 1283 669 1365 qui
692 1280 786 1345 Ennii
809 1266 964 1356 Metleom,
998 1296 1054 1348 aut

229 1369 403 1445 Antiopam
415 1362 539 1427 Pacuvii
550 1362 666 1442 spernat
678 1378 731 1428 aut
743 1364 853 1447 rejiciat
867 1364 878 1425 l
900 1364 988 1444 quise
1001 1366 1053 1433 iis·

226 1454 301 1517 dem
326 1447 476 1527 Euripidis
491 1446 592 1509 sabulis
616 1445 753 1513 delectari
778 1448 868 1519 dicat,
899 1444 1053 1527 [Latinas

226 1532 341 1597 litteras
352 1526 498 1607 oderiti]
527 1525 718 1611 Synephebos
729 1546 799 1610 ego,
819 1528 930 1610 iuquit,
950 1532 1053 1610 potius
1106 1558 1116 1583 ι

232 1612 372 1687 Caecilii,
392 1626 444 1676 aut
455 1610 602 1678 Andriam
616 1609 769 1686 Terentii,
791 1628 882 1692 quam
896 1621 1053 1694 utramque

230 1694 399 1761 Menandri
409 1692 527 1773 legam?
551 1694 699 1774 Aquinus
713 1705 832 1756 tantum
839 1688 987 1767 dissentio,
1001 1703 1062 1770 ut,

228 1800 307 1844 cum
328 1776 491 1856 Sophocles
514 1768 562 1839 vel
585 1776 700 1856 optime
721 1776 864 1855 scripserit
884 1770 1052 1852 Electram,

227 1877 334 1927 tamen
348 1856 424 1922 male
436 1858 611 1924 conversam
623 1858 725 1927 Attilii
737 1858 811 1925 mihi
823 1857 979 1937 legendam
991 1878 1052 1944 pu·
1093 1899 1097 1905 -

225 1959 306 2009 tem.
349 1940 400 2008 De
410 1960 470 2020 quo
482 1936 631 2016 Licinius,
984 2015 986 2020 ,

274 2050 410 2114 Ferreum
414 2042 602 2148 scriprorem:
635 2051 735 2115 verum
745 2048 858 2130 opinor:
882 2043 1063 2129 scriptorem,

355 2141 465 2205 tomen,
977 2144 987 2164 ‘

274 2216 317 2280 Ut
329 2203 457 2291 legendus
464 2212 509 2281 st.
519 2233 601 2265 -·-·a·

232 2353 357 2418 Rudem
370 2354 451 2419 enim
468 2350 525 2422 elle
541 2350 672 2418 omnino
691 2344 723 2418 ih
742 2350 847 2420 nostris
867 2349 983 2428 Poetis,
1000 2351 1055 2419 aul
1098 2408 1103 2414 .

232 2432 422 2505 inertissimae
435 2432 573 2524 segnitiae
585 2434 638 2508 est,
669 2448 721 2497 aut
735 2434 836 2503 fastidii
850 2426 1053 2502 delicatiffirni.
1109 2477 1116 2490 .

235 2518 322 2585 Mihi
337 2520 458 2600 quidem
470 2518 547 2584 nulli
569 2516 635 2582 satis
656 2518 763 2585 eruditi
779 2518 930 2592 videniur,
950 2513 1056 2599 quoue

228 2602 537 2681 nostraignotasuut.
578 2598 646 2673 An,

275 2680 698 2758 Utinamneinnemorc'un
891 2746 893 2750 ,

234 2766 332 2833 nihilo
345 2768 446 2834 minus
457 2767 595 2846 legimus,
617 2772 707 2847 quain
718 2758 869 2835 lrooidem
883 2761 1058 2837 Graecum&
1101 2817 1104 2822 .

236 2870 312 2995 auae
326 2863 429 2914 autem
441 2850 476 2917 de
494 2850 567 2917 bene
589 2847 729 2929 beateque
745 2850 876 2916 vivendo
899 2847 1058 2914 al'latone

257 2934 383 3016 isputata
392 2933 476 3007 shut,
484 2930 704 3010 haecexplicari
712 2950 776 2998 non
786 2931 911 3012 placebit
923 2927 1058 3002 Latine?

238 3013 334 3165 (ἒιοά
347 3012 367 3076 fi
381 3035 437 3079 nos
450 3032 515 3079 non
528 3015 727 3091 interpretum
743 3012 900 3094 fungimur·
920 3028 1060 3093 munere,
1105 3026 1113 3044 ‘

238 3100 265 3167 se
298 3111 418 3163 utemur
431 3117 476 3171 ea,
518 3116 572 3161 uae
588 3093 750 3173 dictasunt
768 3098 804 3163 ab
817 3096 851 3164 iis
862 3108 939 3176 quoe
951 3094 1061 3173 proba·
1089 3173 1092 3178 ¹

239 3199 319 3255 mus,
341 3179 386 3246 eis
403 3201 440 3244 ue
453 3116 589 3268 uoltum
609 3176 756 3258 judicium
783 3176 968 3260 &nostruin
989 3175 1060 3243 scri·

237 3261 324 3330 leodi
348 3199 486 3349 oriinem
510 3260 723 3405 adiurffirnusp
761 3259 835 3352 ‚quid
854 3257 985 3409 haben&
1007 3274 1075 3348 cur

635 3362 654 3406 2
921 3359 925 3367 ·
984 3355 1076 3405 taut
