2742 3909
571 310 741 377 Lim
782 305 829 378 ΙΙ.
1075 333 1113 394 73

223 405 239 499 ’ζ
251 389 343 506 Ἷῖς,
364 418 433 482 aliar
457 417 556 483 miser.
607 419 658 501 qui
676 419 759 482 eninr
783 416 960 483 existimabit
982 414 1064 501 polle
1087 421 1116 487 se

226 521 230 526 ·
267 491 419 566 miserum
450 499 518 576 eise,
540 503 642 566 beatus
664 503 809 566 nouerit.
842 521 913 565 nam
931 525 1003 568 curn
1024 504 1114 569 semel

266 571 323 658 5st
338 587 470 665 luscepta
481 587 566 648 beata
579 586 654 661 vita,
675 598 739 650 tarn
752 601 919 664 permanet,
943 607 1036 668 quam
1048 589 1109 667 ipsa

239 685 246 692 ·
265 649 334 726 Ἣ
348 667 486 734 effettrix
507 670 606 732 beatae
620 670 698 732 vitae
711 669 867 748 sapientia:
889 687 984 750 noque
1004 671 1111 752 exspe-

223 765 246 831 χ
265 733 342 838 ‘fiat
353 751 502 815 ultimum
521 764 638 832 tempus
659 752 776 814 aetatis:
801 752 883 832 quod
909 751 1025 816 Croeso
1038 753 1110 817 scri·

235 848 246 862 ⁸
283 807 328 892 ht
348 833 524 898 Herodotus
555 848 747 914 praeceptum
779 854 796 896 a
823 831 947 897 Solone.
982 836 1110 912 etenim,

280 917 533 992 quenadmodum
548 929 612 982 tute
632 918 757 992 dicebas,
779 929 868 998 negat
883 914 1031 996 Epicurus
1042 919 1108 982 diu·

223 1031 244 1082 .'
294 1002 458 1064 tutiorem
481 998 604 1081 quidem
619 1001 761 1080 temporis
782 1000 818 1063 ad
839 1000 922 1062 beate
943 1001 1111 1067 vivendum

248 1109 260 1120 -
297 1075 388 1164 tiiquid
410 1082 528 1159 afferre,
550 1103 607 1148 nec
619 1084 772 1148 minorem
786 1082 975 1162 voluptatem
998 1084 1109 1166 percipi

292 1159 468 1232 bbrevitate
478 1167 632 1246 temporis,
650 1183 754 1246 quam,
774 1161 855 1228 stilla
870 1163 905 1228 fit
918 1169 1108 1248 t'empiterna.

291 1239 520 1314 llaecdicuntur
542 1245 817 1314 inconstantissimo
839 1252 1006 1316 cumcuim
1022 1250 1105 1316 sum·

288 1345 367 1398 mum
392 1333 509 1396 bonum
530 1332 562 1396 itt
574 1332 730 1412 voluptate
745 1345 853 1412 ponat,
874 1347 963 1412 negat
981 1332 1106 1400 infinito

287 1423 417 1494 tempore
437 1415 540 1478 aetatis
549 1413 741 1494 voluptatem
763 1412 826 1478 fieri
844 1414 1001 1496 majorem,
1013 1436 1106 1496 quarn

284 1491 382 1572 finito,
406 1509 495 1576 atque
508 1497 641 1562 modico.
686 1495 751 1579 Qti
770 1499 887 1559 bonum
899 1515 992 1563 omne
1001 1501 1035 1562 iu
1044 1500 1107 1562 vir-

282 1589 346 1643 tute
372 1581 476 1658 ponit,
510 1582 534 1645 is
546 1581 643 1660 potest
655 1581 752 1644 dicere
764 1576 866 1660 perfici
882 1579 997 1644 beatam
1011 1581 1107 1646 vitam

331 1661 465 1728 sectione
478 1663 608 1727 virtutis.
631 1678 720 1743 negat
729 1665 812 1728 enim
829 1664 949 1728 summo
964 1666 1048 1728 bono
1060 1665 1106 1729 af-

291 1763 354 1810 erre
368 1747 592 1810 incrementum
605 1745 696 1809 diem.
709 1748 761 1828 qui
773 1759 875 1812 autem
886 1748 1044 1829 voluptate
1057 1751 1105 1816 vi·

282 1839 345 1890 tam
360 1823 436 1892 effici
452 1830 567 1893 beatam
577 1829 704 1909 putabit,
724 1830 777 1910 qui
789 1826 839 1893 fibi
852 1832 875 1893 is
885 1834 1061 1908 conveniet,
1082 1829 1106 1897 li

278 1911 399 1991 negabit
412 1911 602 1992 voluptutem
614 1911 741 1977 crescere
752 1912 993 1993 longinquitate?
1014 1915 1108 1990 igitur

279 2011 320 2057 ne
327 1993 467 2058 dolorem
480 1995 609 2073 quidem.
652 1994 707 2057 An
724 1992 813 2056 dolor
825 1989 1010 2072 longissimus
1025 1997 1106 2073 quis-

279 2091 337 2154 que
360 2077 560 2141 miserrimus:
593 2075 783 2157 voluptatem
810 2095 874 2139 non
897 2074 1106 2156 optabiliorem

278 2159 462 2224 diuturnitas
476 2158 567 2223 facit?
592 2157 677 2241 Quid
690 2160 731 2224 est
744 2159 849 2239 igitur,
869 2176 924 2221 cur
940 2159 982 2222 ita
993 2159 1107 2240 semper

276 2241 371 2308 deum
391 2241 522 2323 appellet
545 2241 706 2323 Epicurus,
729 2244 850 2306 beatum
873 2240 904 2304 δι
929 2244 1108 2308 aeternum?

276 2325 402 2406 dempta
417 2324 500 2389 enirn
525 2326 699 2394 aeternitate
720 2325 817 2390 nihilo
844 2325 957 2390 beatior
972 2322 1109 2406 Jupiter,

276 2424 372 2488 quam
386 2406 546 2487 Epicurus.
568 2422 696 2489 uterque
712 2409 796 2473 enim
806 2410 926 2473 summo
937 2409 1020 2471 bono
1033 2408 1109 2474 frui·

278 2503 342 2566 tur,
365 2491 470 2567 idest,
490 2491 656 2576 voluptate.
679 2494 804 2555 atenim
815 2492 864 2556 hic
882 2494 974 2554 etiam
990 2489 1108 2557 dolore.

279 2586 311 2636 at
324 2594 401 2638 eum
419 2573 506 2638 nihili
522 2574 602 2638 facit.
623 2576 665 2637 ait
678 2575 761 2637 enirn
784 2576 826 2650 se,
847 2573 996 2649 sturatur,
1016 2593 1109 2655 quam

280 2655 340 2720 itoc
363 2655 626 2720 suavedillurum.
683 2653 756 2737 Qta
768 2657 859 2735 igitur
869 2656 998 2721 readeo
1010 2659 1108 2726 vinci·

280 2751 346 2814 tur,
369 2737 390 2802 st
413 2741 585 2805 aeternitate
609 2758 674 2804 non
688 2738 843 2802 vincitur?
873 2742 906 2804 in
917 2742 1054 2824 quaquid
1066 2743 1109 2812 est

279 2823 355 2884 boni
379 2837 492 2903 praeter
504 2823 654 2885 summam
667 2820 870 2901 voluptatem,
892 2823 922 2886 δι
946 2843 1012 2886 eam
1031 2823 1109 2886 sern-

280 2904 458 2984 piternam?
492 2906 564 2987 quid
577 2924 651 2986 ergo
666 2907 775 2968 attinet
794 2903 924 2982 gloriose
936 2906 1034 2986 loqui,
1055 2903 1111 2969 nili

279 2987 458 3052 constanter
471 2987 619 3073 loquare?
642 2989 675 3051 in
697 2985 856 3066 voluptate
875 2987 1010 3068 corporis
1030 2985 1111 3068 (ad-

279 3073 365 3144 dam,
388 3069 485 3154 srvis,
523 3073 631 3147 animi,
660 3072 735 3134 dum
753 3090 787 3134 ea
807 3069 880 3149 ipsa,
901 3084 937 3133 ut
951 3069 1054 3147 vultis,
1076 3069 1112 3136 stt

299 3154 363 3216 uod
391 3154 422 3217 δι
448 3155 480 3216 in
508 3151 659 3233 corpore)
704 3150 795 3217 fitum
826 3153 868 3215 est
891 3155 992 3218 vivere
1017 3154 1110 3219 beate.

278 3170 391 3320 {bridi
423 3236 508 3308 ittam
525 3235 714 3325 uoluptatem
736 3249 911 3326 perpetuam
934 3237 999 3321 quis
1018 3236 1113 3383 pppest

978 3336 1051 3405 prae
1072 3336 1127 3384 ate
