2742 3909
448 324 618 399 iarun
661 326 724 395 IV.
908 401 912 407 ,
976 354 1035 420 ¹²9

198 426 349 508 iidemque
362 427 525 492 diviserunt
540 441 680 492 naturam
694 426 826 492 hominis
835 430 1036 506 inanimum,

197 509 366 589 &corpus
399 530 529 593 cumque
551 531 659 575 eorum
680 514 918 595 unumquodque
940 519 1039 594 perse

195 595 407 672 expetendum
421 589 477 656 effe
501 590 651 668 dixiss'enr,
672 594 797 657 virtutes
817 613 936 675 quoque
962 601 1037 662 utri-

196 676 295 756 usque
309 694 417 738 eorum
432 695 483 754 per
496 677 526 738 se
533 677 710 756 expetendas
720 673 775 739 effe
793 678 928 741 dicebant
943 700 951 741 ε
964 700 1037 745 cum

195 761 337 820 animum
350 760 479 838 quadam
505 757 623 821 infinita
635 758 722 820 laude
739 770 1035 839 anteponerentcor·

195 842 282 921 pori,
302 841 428 903 virtutes
440 859 559 922 quoque
575 842 671 904 animi
694 842 781 904 bonis
804 846 937 922 corporis
951 862 1046 921 ante-¹

196 922 367 1004 ponebant.
412 917 468 985 Sed
491 944 563 987 cum
585 924 759 1004 sapientiam
786 926 882 988 totius
904 926 1036 992 hominis

195 1005 366 1081 custodem,
381 1003 410 1069 bt
425 1005 657 1087 procuratricem
670 1003 726 1068 effi:
740 1003 865 1082 veilent,
879 1026 953 1089 quae
966 1008 1037 1075 ess‘e‘t

196 1099 325 1151 naturae
338 1106 451 1164 comes,
472 1088 502 1151 δι
516 1088 663 1171 adjutrix:
683 1089 745 1151 hoc
757 1089 913 1169 sapientiae
927 1110 1038 1156 munus

197 1167 257 1235 effe
270 1170 420 1246 dicebant,
453 1183 490 1235 ut
514 1192 586 1236 eum
604 1184 749 1253 tueretur,
769 1173 822 1253 qui
834 1172 982 1238 constaret
996 1194 1036 1255 ex

196 1250 350 1317 animo&
365 1271 492 1331 corpore
506 1272 514 1313 ι
533 1256 567 1317 in
581 1266 711 1335 utroque
719 1253 839 1336 juvaret
851 1274 935 1332 eum,
949 1269 1037 1337 atque

194 1336 380 1401 contineret.
392 1347 480 1413 atque
492 1335 534 1400 ita
546 1339 684 1417 reprimo
696 1334 866 1417 impliciter
876 1338 1039 1416 collocata,

197 1418 321 1501 reliqua
333 1417 469 1481 subtilius
482 1420 699 1500 persequentes,
720 1420 855 1500 corporis
866 1418 945 1485 bona
959 1420 1036 1487 saci-

195 1501 262 1563 lem
280 1500 428 1579 quandam
440 1502 591 1566 rationem
602 1502 707 1564 babere
715 1494 883 1565 censebant.
919 1503 955 1567 de
970 1506 1037 1567 ani-

196 1584 516 1653 mibonisaccutatius
534 1584 748 1667 exquirebant:
769 1583 802 1646 in
815 1582 975 1667 primisque
987 1605 1035 1651 re·

196 1665 368 1748 periebant,
390 1665 477 1730 inhia
489 1664 578 1730 inesse
590 1665 721 1747 justitiae
733 1664 868 1731 semina:
889 1669 1037 1751 primique

196 1768 243 1815 ex
278 1746 420 1813 omnibus
441 1748 623 1830 philosophis
645 1769 662 1812 a
688 1761 794 1813 natura
816 1748 963 1815 tributum
980 1747 1038 1816 ess'e

196 1834 386 1907 docuerunt,
408 1844 444 1893 ut
456 1832 490 1905 ii,
512 1833 562 1912 qui
577 1832 724 1915 procreati
737 1828 843 1919 essent,
863 1851 881 1897 a
897 1852 1036 1915 procrea-

197 1916 318 1979 toribus
331 1927 514 1992 amarentur,
536 1914 566 1978 δι
586 1915 628 1996 id,
651 1914 734 1996 quod
755 1927 930 1995 temporum
952 1917 1036 1989 ordi-

197 2018 244 2063 ne
255 1994 407 2080 antiquius
420 1997 475 2073 est,
485 2011 520 2063 ut
529 1996 669 2079 conjugia
677 1998 827 2071 virorum,
843 1995 874 2059 u
889 2016 1037 2074 uxorum,

199 2093 314 2145 natura
326 2074 490 2162 conjundia
503 2076 559 2153 eise
571 2081 703 2143 dicerent
717 2097 725 2137 :
754 2096 815 2159 qua
828 2096 867 2139 ex
881 2078 967 2157 stirpe
976 2081 1038 2143 ori·
1139 2122 1142 2129 ·

197 2175 312 2227 rentur
335 2163 482 2227 amicitiae
502 2160 734 2243 cognationum.
769 2171 857 2238 atque
871 2158 906 2221 ab
920 2161 964 2223 hia
977 2160 1038 2225 ini-

198 2247 255 2310 tiis
279 2242 422 2325 profem,
442 2247 584 2310 omnium
597 2245 748 2321 virtutum
772 2241 802 2306 δι
821 2240 986 2321 originem,
1007 2242 1040 2307 bc

200 2324 442 2411 progressionem
454 2326 599 2409 persecuti
614 2326 694 2389 sunt.
716 2343 757 2389 ex
772 2342 833 2405 quo
855 2326 1038 2416 magnitudo

197 2428 326 2497 quoque
338 2410 433 2473 animi
457 2409 624 2487 exsistebat,
658 2427 718 2490 qua
742 2405 827 2473 facile
843 2402 938 2503 posiet
951 2426 1039 2491 repu-

198 2495 307 2577 gnari,
322 2490 417 2557 obfisti
439 2512 478 2558 ue
492 2495 643 2566 fortunae,
676 2490 760 2573 quo'd
773 2508 923 2555 nraxrmae
940 2508 985 2563 rer
995 2490 1042 2582 es·

198 2578 272 2644 sent
294 2576 327 2638 in
342 2589 414 2655 pote
456 2588 485 2641 te
498 2576 644 2660 sapientis.
667 2574 820 2637 varietates
832 2585 947 2649 autem,
962 2572 1046 2653 inju-¹

154 2733 155 2738 ἵ
200 2660 320 2741 riasque
342 2657 482 2723 fortunae
508 2659 594 2730 facile
622 2669 762 2720 veterum
789 2653 1042 2737 philosophorum

201 2741 372 2826 praeceptis
386 2740 521 2806 instituta
534 2746 595 2807 vita
608 2739 771 2819 superabat.
815 2734 971 2819 Principiis
988 2756 1043 2800 au·

201 2840 303 2890 rema
324 2825 529 2902 naturadatis,
556 2822 767 2903 amplitudines
778 2820 921 2901 quaedam
945 2821 1046 2883 bono·

200 2920 278 2972 rum
291 2904 513 2989 excitabantur,
536 2907 646 2989 partim
659 2900 835 2986 profetiaea
849 2900 1044 2996 contempla

199 2993 295 3057 tione
307 3007 409 3052 terum
425 2990 645 3064 occultiorum,
658 2986 742 3068 quod
756 2996 819 3049 erat
831 2983 935 3050 insitus
946 2997 1044 3047 menti

202 3070 396 3153 cognitionis
405 3092 503 3149 amor,
515 3094 554 3138 ex
567 3091 628 3153 quo
641 3071 731 3133 etiam
745 3068 880 3144 rationis,
891 3064 1047 3149 explican-

202 3158 260 3233 di,
281 3150 490 3237 disserendique
502 3158 648 3238 cupiditas
668 3149 919 3233 consequebatur:
952 3151 1046 3229 quod·

197 3259 266 3323 que
277 3237 339 3305 hoc
353 3236 452 3303 solum
465 3238 576 3304 animal
590 3250 698 3379 qqturn
711 3234 752 3301 est
763 3233 897 3317 pudoris,
912 3252 946 3297 ac
960 3252 1044 3378 vesle,

483 3363 487 3367 Α
644 3346 653 3386 ·,
927 3334 987 3381 cun
1019 3334 1051 3379 ae
