2742 3909
522 402 690 469 Lrurn
733 389 760 464 Ῑ.
977 403 1061 482 ,ἡ

237 522 414 592 quamquam
437 500 579 581 Aristippi
597 501 651 575 est,
681 517 698 563 a
714 497 942 582 Cyrenaicisque
959 503 1067 572 meiiut

237 591 406 670 liberiusque
423 584 607 659 defenditur3
628 598 731 646 tamen
754 582 899 664 ejusmodi
912 577 991 650 esse‘
1014 588 1061 654 di-

237 693 284 749 co,
306 685 342 735 ut
363 668 439 733 nihil
452 668 576 729 homine
585 667 719 732 videatur
732 666 890 744 indignius.
933 607 1060 750 Agim.

236 754 295 836 jora
317 754 402 818 enim
417 749 561 832 quaedam
583 767 640 810 nos
652 760 758 820 natura
775 748 879 827 genuit
892 747 922 810 δι
935 753 1059 817 confor-

238 837 344 912 mavit,
378 847 414 897 ut
430 832 503 895 mihi
515 831 636 913 quidem
658 830 797 894 videtur:
818 849 852 893 ac
867 828 927 893 fieri
947 837 1057 915 potest,

235 934 270 983 ut
286 936 405 990 errem3
440 914 539 978 sedita
553 913 670 994 prorsus
689 912 853 989 existumo,
880 931 974 992 neque
985 937 1058 985 eum

239 1002 453 1081 Torquatum,
482 998 532 1079 qui
555 998 615 1058 hoc
637 995 749 1073 primus
775 1011 950 1074 cognomen
971 1000 1057 1066 invess

237 1085 326 1159 nerit,
346 1094 401 1145 aut
413 1094 552 1161 torquem
568 1077 657 1142 illum
676 1075 754 1141 hosti
766 1074 932 1155 detratisse,
954 1084 1059 1149 utalia

233 1185 326 1251 quam
341 1182 384 1228 ex
403 1183 440 1226 eo
453 1163 613 1243 perciperet
632 1165 760 1239 corpore
782 1160 985 1305 voiu‘ptatem,
1005 1179 1059 1232 aut

235 1269 307 1315 cum
318 1244 438 1312 Latinis
447 1246 537 1308 tertio
553 1241 710 1307 consulatu
723 1239 849 1307 conflixi
872 1240 979 1326 ‘capud
992 1243 1057 1313 Ve-

233 1326 661 1415 serimproptervoluptatem.
706 1321 980 1407 Qrodverosecuri
989 1349 1058 1412 per·

235 1411 354 1479 cuffetit
366 1410 477 1486 filium,
508 1405 661 1489 privavisse
674 1404 703 1470 se
715 1411 806 1473 etiam
820 1410 935 1475 ridetur
955 1415 1061 1486 multis

235 1495 454 1577 voluptatibus,
489 1512 562 1555 cum
578 1487 630 1571 ipfi
644 1501 767 1555 naturae
786 1493 940 1575 patrioque
959 1500 1057 1570 amori

256 1578 408 1643 raetulerit
433 1576 482 1658 jus
495 1573 649 1657 majoutis
669 1585 758 1654 atque
778 1574 903 1653 imperii.
946 1575 1056 1660 Qud?

235 1601 277 1729 i.
293 1657 485 1742 Torquatus,
500 1658 536 1733 is,
557 1657 607 1736 qui
626 1655 732 1719 consul
749 1675 821 1719 cum
836 1654 898 1719 Cn.
923 1651 1061 1728 Octavio

234 1745 308 1820 suit,
329 1758 402 1805 cum
423 1739 507 1804 illam
530 1739 714 1804 severitatem
728 1739 759 1802 in
773 1758 810 1803 eo
826 1736 891 1803 filio
912 1741 1056 1824 adhibuit,

234 1844 327 1918 quem
347 1825 381 1889 in
401 1824 597 1904 adoptionem
621 1815 666 1883 D.
690 1817 793 1885 Silano
806 1823 1057 1906 emancipaverat,

233 1924 270 1975 ut
283 1925 370 1983 eum,
390 1902 598 1972 Macedonum
620 1904 723 1984 legatis
742 1903 957 1985 adcusantibus‚
978 1911 1060 1991 quod

236 1991 377 2075 pecunias
383 2002 549 2071 praetorem
562 1988 594 2049 in
606 1987 763 2068 provincia
775 1984 877 2065 cepiffe
885 2004 1057 2070 arguerent,

236 2070 366 2140 causs'am
377 2072 456 2153 apud
467 2071 497 2136 se
510 2071 605 2134 dicere
630 2068 757 2147 iuberet,
777 2083 864 2146 reque
880 2089 920 2133 ex
935 2084 1059 2154 utraque

235 2170 321 2240 parte
332 2156 445 2231 audita,
465 2152 687 2236 pronuntiaret,
708 2170 779 2215 eum
789 2167 853 2213 non
865 2150 957 2216 talem
966 2156 1060 2230 videri

234 2236 319 2305 inifl'e
331 2236 364 2302 in
378 2238 518 2318 imperio,
547 2234 645 2314 quales
656 2231 718 2313 ejus
732 2231 856 2316 majores
868 2230 1005 2311 suiss'ent3
1027 2237 1059 2302 du

235 2326 267 2388 in
287 2317 486 2400 conspectum
498 2319 586 2384 suum
603 2316 705 2388 venire
716 2316 813 2380 vetuit
823 2344 833 2392 5
855 2322 1000 2400 numquid
1013 2324 1061 2388 νὶ-Ι

235 2407 323 2470 detur
335 2403 388 2467 tibi
397 2403 433 2465 de
450 2400 654 2482 voluptatibus
666 2400 723 2462 suis
741 2395 932 2480 cogitavisse?
954 2399 1011 2467 Sed
1023 2419 1060 2471 ut

235 2490 381 2552 omittam
390 2483 532 2566 pericula,
550 2481 832 2579 labores,‚dolorem
845 2484 948 2560 etiam,
970 2504 1060 2565 quem

236 2584 383 2652 optumus
409 2565 528 2649 quisque
551 2584 607 2646 pro
620 2577 713 2647 patna
727 2566 757 2630 δι
784 2583 841 2646 pto
855 2565 912 2629 suis
925 2564 1059 2650 suscipit,

236 2666 273 2716 ut
300 2669 367 2716 non
389 2650 483 2714 modo
496 2647 612 2712 nullam
631 2659 743 2728 captet,
765 2647 812 2711 sed
828 2648 919 2711 etiam
934 2665 1061 2731 praeter.

239 2748 289 2799 eat
307 2749 414 2800 omnes
441 2731 635 2812 voluptates3
656 2730 798 2811 [dolores
830 2731 954 2813 denique
972 2736 1062 2825 quos.

238 2818 283 2894 ris
304 2816 447 2898 suscipere
467 2814 565 2891 malit,
585 2831 673 2896 quani
698 2811 825 2877 deserete
850 2812 946 2879 ullam
973 2813 1064 2884 officii

238 2898 399 2979 partem:]
418 2899 455 2960 ad
466 2918 513 2973 ea,
532 2913 605 2976 quae
614 2896 674 2959 hoc
689 2913 754 2957 non
775 2896 875 2959 minus
895 2898 1063 2978 declarant,

238 2977 285 3047 sed
298 2983 439 3047 videntur
451 2978 575 3054 leviora,
590 2980 754 3043 veniamus.
798 2973 883 3062 Qtid
896 2981 962 3056 tibi,
974 2979 1063 3045 Tora

237 3063 347 3147 qinte?
372 3062 524 3144 quidhuic
547 3059 671 3126 Triario
688 3058 817 3137 litterae,
842 3061 911 3146 quid
929 3062 1066 3134 historiae

237 3148 435 3228 cognitioque
465 3159 578 3220 rerum,
624 3142 694 3225 quid
720 3140 884 3208 Poetarum
915 3144 1066 3224 evolutio,

257 3230 309 3294 uid
336 3239 422 3296 tanta
444 3238 491 3290 tot
504 3226 644 3291 versuum
666 3226 812 3291 memoria
832 3221 996 3310 uoluptatis
1013 3231 1066 3294 ada

237 3245 323 3386 211?
355 3309 426 3388 Noc
446 3307 611 3380 mihiiiiud
633 3307 764 3383 uxoraz
800 3301 885 3381 nae
907 3313 990 3381 enim
1006 3309 1099 3470 ipa<x
