2742 3909
487 324 656 390 Lrnrn
697 319 742 388 ΙΙ.
989 333 1031 397 37

200 425 331 507 Dicam,
353 424 488 505 inquam,
513 422 677 504 &quidem
685 420 812 484 discendi
827 421 913 484 caula
922 417 1029 495 magis,

197 526 366 592 quamquo
381 520 423 582 te,
437 504 666 587 aprEpicnrum
692 501 900 587 reprehensnm
923 500 1027 567 velim.

200 590 273 675 Ego
288 609 421 672 qnoque,
442 589 553 672 inquit,
574 587 727 668 didicerim
750 585 901 662 libentius,
923 581 1028 664 siquid

197 673 345 749 attulerit,
365 691 457 752 quam
471 685 500 745 te
523 670 769 751 reprehenderim,
813 665 956 730 Tenesne
969 665 1026 746 igi·

200 769 265 832 tur,
295 757 431 838 inquam,
455 750 660 836 Hieronymus
689 741 825 818 Rhodius
842 749 922 831 quod
949 748 1028 812 dicat

197 835 257 919 esse
280 839 433 914 summum
452 837 582 913 honum,
616 852 676 914 quo
698 846 784 914 putet
803 832 906 894 omnia
928 831 1026 897 referri

195 919 360 1001 pportere?
386 917 511 993 Teneo,
533 918 644 999 inquit,
665 913 760 1000 finem
783 913 828 977 illi
848 914 951 989 videri,
976 915 1024 977 ni-

194 1003 241 1066 hil
264 1003 374 1066 dolere.
418 999 525 1083 Qtid?
548 1001 628 1064 idem
644 997 696 1060 iste
721 999 757 1085 de
783 993 939 1078 voluptate
957 997 1028 1076 quid

197 1083 315 1149 sentit?
348 1081 452 1163 Negat
464 1081 519 1148 elle
531 1103 611 1159 eam,
632 1081 741 1160 inquit,
771 1091 893 1160 propter
906 1078 1028 1158 seipsam

196 1169 412 1249 expetendam.
455 1166 548 1231 Aliud
560 1167 651 1245 igitur
664 1159 719 1228 else
730 1163 828 1226 censet
840 1163 978 1242 gaudere,
993 1182 1026 1228 a·

197 1250 265 1314 liud
279 1270 344 1312 non
358 1249 468 1312 dolete.
511 1245 554 1311 Et
575 1247 708 1330 quidem,
730 1244 841 1328 inquit,
863 1245 1027 1322 vehemen-

198 1347 248 1395 ter
268 1345 355 1395 errat.
377 1351 461 1406 narn,
482 1345 518 1394 ut
539 1328 641 1409 paullo
662 1327 855 1407 ante'dprni,
878 1328 1028 1408 augendae

192 1410 858 1496 voluptatisfrnisest,dolorisomnisamptio.
881 1408 960 1474 Non
970 1410 1027 1474 do·

192 1497 270 1572 lere,
281 1499 415 1579 inquam,
427 1495 503 1559 istud
511 1514 602 1577 quam
611 1495 677 1576 vim
685 1491 1025 1572 habeatpolleavideros:

196 1579 291 1643 aliam
313 1599 385 1644 veto
407 1581 471 1642 vim
496 1577 660 1658 voluptatis
675 1573 743 1653 effe,
769 1575 856 1638 aliam
883 1572 957 1636 nihil
970 1575 1026 1636 do-

192 1662 291 1738 lendi,
313 1660 367 1725 nist
380 1662 465 1725 valde
477 1661 617 1742 pertinax
630 1661 731 1735 suetis,
747 1657 891 1723 concedas
912 1652 1025 1720 necesse

192 1743 248 1817 est.
292 1743 388 1828 Atqui
403 1746 536 1825 reperies,
557 1743 668 1824 inquit,
696 1744 728 1806 in
754 1743 813 1808 hoc
826 1740 945 1818 quidem
959 1759 1026 1820 per-

199 1829 344 1890 tinacem.
379 1828 436 1889 dici
458 1828 541 1889 enim
564 1821 639 1889 nihil
663 1824 758 1906 potest
781 1823 887 1888 verius.
933 1819 1026 1886 Estne

216 1909 319 1983 uaeso,
349 1910 484 1989 inquam,
513 1905 621 1972 sitienti
646 1907 836 1990 inhibendo
861 1904 1023 1986 voluptas?

159 2070 160 2075 ἵ
190 1929 280 2073 &ris
302 1989 391 2064 istud,
433 1989 543 2068 inquit,
573 1986 668 2070 pollet
696 2007 811 2074 negare.¹
855 1983 1021 2066 Endemne,

189 2075 335 2154 inquam,
367 2089 440 2152 quae
458 2069 594 2132 restinsla
615 2067 807 2147 fitillmmo
831 2067 891 2144 alin
904 2086 1021 2147 genere.

190 2152 336 2221 restintta
354 2154 438 2231 enim
460 2149 520 2216 fitis
537 2152 724 2229 stabilitatem
743 2151 906 2229 voluptatis
924 2149 1024 2226 habet,

159 2252 160 2255 ’
191 2240 313 2318 inquit:
336 2237 386 2302 illa
399 2247 501 2316 antem
514 2235 654 2317 voluptas
667 2231 754 2314 ipsius
767 2231 976 2320 testinslionis,
991 2235 1024 2296 in

193 2335 288 2385 motu
308 2320 360 2386 est.
406 2319 474 2382 Cur
486 2319 590 2398 igitur,
611 2319 749 2398 inquam,
768 2335 813 2382 res
827 2327 890 2380 tam
903 2313 1024 2380 dissimi-

159 2422 168 2434 ‘·
190 2403 237 2468 les
257 2406 363 2468 eodem
389 2403 516 2467 nomine
540 2397 693 2492 appellas?
716 2397 800 2483 Qrid
822 2397 925 2482 paullo
939 2412 1023 2475 anre,

159 2543 160 2548 ,
194 2486 309 2566 inquit,
330 2486 470 2561 dixerim,
503 2505 609 2548 nonne
634 2482 808 2560 meministi,
828 2501 901 2544 cum
924 2483 1025 2566 pmnis

192 2569 285 2630 dolor
307 2563 551 2643 detraherent,
586 2569 704 2643 variari,
724 2572 791 2646 non
812 2564 913 2644 augeri
932 2563 1024 2627 volu·
1077 2573 1081 2584 '

191 2650 330 2730 ptatem?
355 2648 489 2713 Memini
501 2669 586 2725 vern,
606 2651 739 2732 inquam,
755 2647 802 2710 sed
821 2661 854 2710 tu
868 2646 1021 2731 istpcdix·

191 2734 218 2796 ti
241 2734 317 2796 bene
336 2732 459 2808 Latine,
479 2752 586 2812 patum
598 2730 697 2813 plane.
719 2731 840 2795 varietas
852 2729 936 2808 enim
960 2727 1022 2794 La·

193 2816 297 2878 tinum
318 2818 443 2879 verbum
459 2814 514 2890 est,
544 2816 632 2906 idgne
655 2813 773 2894 proprie
786 2813 951 2956 Puidemin
963 2809 1022 2876 dis·

191 2898 470 2976 paribuscoloribus
485 2896 615 2976 dicitnr:
637 2896 688 2959 sed
707 2908 787 2958 trans
799 2907 880 2978 ertnr
893 2893 925 2959 in
938 2894 1022 2960 mul,-

193 2991 224 3042 ta
250 2980 383 3060 disparia.
404 2980 523 3060 vatium
544 2999 666 3062 ppema,
689 2979 768 3042 varia
798 2975 1020 3060 orati0,1vari,i

193 3081 306 3138 mores,
339 3062 421 3126 varia
440 3062 572 3142 sortpna.
593 3062 734 3143 voluptas
755 3061 838 3124 vatia
852 3060 943 3130 etiam
963 3057 1021 3122 dici

193 3144 293 3223 solet„
303 3165 374 3209 curn
425 3143 548 3224 rcipitnr
557 3135 597 3224 eh
610 3142 715 3207 multis
728 3139 908 3208 dillimilihus
920 3141 1018 3218 rebus,

194 3223 341 3306 dissimiles
365 3247 381 3290 e
411 3226 556 3310 cientibus
569 3227 750 3308 voluptates.
793 3220 872 3306 Eam
890 3219 1020 3304 fivarie·

185 3317 288 3390 tatem
315 3311 437 3388 diceres,
468 3309 678 3455 intellggerem,
700 3324 748 3388 ur,
770 3307 860 3374 etiam
875 3326 946 3382 ,non
973 3307 1018 3366 dl-

603 3409 622 3471 3¹
937 3397 1026 3462 cente
