2742 3909
309 338 374 417 '³¹3⁶
451 324 1019 428 'flammea-inmun.

365 427 463 498 XIII.
485 432 516 494 A
528 452 551 496 'r
562 451 620 519 Qu
633 451 660 509 1,
689 431 723 510 fi',
745 446 781 496 ut
795 432 968 497 'convenire
981 434 1074 498 debet
1089 432 1168 499 inter

295 538 298 542 ·
324 513 395 591 nos,
417 514 458 578 est
479 518 624 598 quaedam
645 516 793 597 appetitio
804 515 1018 598 ‚naturalis'ea‚
1034 536 1119 599 quae
1132 518 1171 581 ia

323 598 460 665 cundum
472 611 613 663 naturam
626 597 710 675 sunt,
720 610 884 685 appetens:
898 616 1010 662 eorum
1025 602 1171 663 omnium

326 682 369 745 ost
381 680 479 764 aliqua
500 681 618 754 summa
641 680 785 744 facienda.
806 688 872 758 'quo
892 680 1081 757 constituto,
1107 696 1172 745 tum

210 818 219 833 ,
327 762 429 828 licebit
441 764 539 827 otiose
551 763 604 827 ista
612 781 765 844 quaerere,
780 761 816 825 de
831 764 1045 845 magnitudine
1055 782 1171 838 rerum,

327 848 365 909 de
378 844 573 921 excellentia,
593 857 707 926 quanta
728 848 761 909 in
780 848 903 925 'quoque
923 841 960 907 fit
972 845 1011 908 ad
1026 847 1114 910 beate
1128 846 1173 909 vi·

327 928 476 1003 vandum,
497 930 534 991 de
547 928 606 991 istis
620 924 686 1007 ipfis
711 926 983 1003 obscurationibus,
1005 946 1087 1011 quae
1100 947 1172 1010 pro-

329 1010 607 1091 ptuaxiguttatem
619 1010 686 1085 vix,
701 1022 753 1073 aut
768 1012 806 1071 ne
823 1010 878 1071 vix
892 1010 1016 1089 quidem
1044 1030 1172 1092 appare-

328 1104 399 1157 anta
438 1089 536 1173 Quid,
545 1094 652 1175 dequo
665 1091 750 1172 nulla
758 1086 890 1155 dissensio
900 1091 941 1157 est
954 1091 965 1154 i
982 1112 1081 1157 nemo
1090 1096 1172 1157 enim

329 1175 386 1251 est,
419 1177 480 1257 qui
491 1174 575 1239 aliter
586 1174 713 1255 dixerit,
728 1174 803 1256 quin
823 1175 966 1237 omnium
993 1188 1173 1241 namtarum
1209 1194 1211 1253 ς

332 1254 426 1320 simile
438 1252 509 1324 effet
531 1257 574 1334 id,
609 1256 645 1321 ad
657 1256 740 1335 quod
752 1258 856 1319 omnia
874 1256 1067 1322 referuntur:
1090 1257 1170 1339 quod

333 1339 376 1403 est
388 1338 534 1403 ultimum
546 1358 645 1404 terum
660 1338 908 1420 appetendarum.
953 1336 1076 1404 Omnis
1091 1342 1172 1405 enim

334 1422 377 1487 est
391 1435 498 1488 natura
504 1421 629 1503 diligens
643 1421 696 1484 sui.
717 1440 793 1503 quae
803 1420 843 1483 est
853 1423 948 1496 enim,
970 1441 1050 1503 quae
1064 1424 1172 1487 seum-

333 1505 561 1587 quamdesetat‚
581 1516 635 1568 aut
656 1516 773 1583 partem
799 1504 930 1585 aliquam
953 1504 1012 1579 sui,
1034 1518 1091 1569 aut
1113 1507 1173 1591 ejus

335 1589 428 1667 pastis
440 1588 589 1662 habitum,
611 1600 664 1649 aut
676 1586 754 1662 vim,
766 1598 819 1649 aut
830 1586 922 1649 ullius
934 1604 1039 1650 eamm
1055 1607 1171 1664 mmm,

356 1669 587 1733 uaesecundum
613 1680 754 1732 naturam
778 1665 849 1744 sint,
884 1680 936 1733 aut
959 1668 1103 1748 motum,
1124 1684 1172 1735 aut

334 1688 448 1813 latum
461 1748 474 1810 ,θ
502 1756 577 1832 qu'ae
590 1762 692 1814 autem
705 1751 820 1815 natura
834 1752 901 1815 suae
924 1753 1038 1831 primae
1051 1754 1178 1819 institu-

336 1832 429 1900 tionis
441 1830 535 1896 oblita
546 1832 601 1909 est,
624 1832 709 1896 nulla
726 1832 876 1915 profeito,
918 1834 972 1897 uin
995 1835 1085 1900 suam
1108 1840 1169 1901 vim

335 1914 463 1979 retineat
475 1934 493 1977 a
505 1916 604 1996 primo
618 1916 654 1977 ad
666 1928 850 1980 extremum.
894 1852 971 1999 ἂιο
992 1918 1091 1996 igitur
1103 1940 1171 1985 eve-

336 1998 399 2073 nit,
419 2009 455 2061 ut
467 1998 599 2062 hominis
616 2010 723 2061 natura
735 2000 797 2062 sola
820 1994 903 2076 esset,
916 2000 1171 2081 ·quaeh0minem
1210 2022 1211 2083 t

336 2078 529 2164 relinqueret,
558 2099 634 2164 quae
659 2080 883 2149 oblivisceretur
912 2085 1062 2163 corporis,
1101 2105 1174 2167 quat

336 2164 494 2227 summum
504 2166 622 2229 bonum
635 2182 701 2226 non
714 2164 746 2227 in
761 2175 830 2228 toto
843 2163 981 2241 homine,
992 2164 1043 2228 fed
1054 2168 1093 2230 in
1106 2188 1171 2250 par-

337 2246 513 2310 tehominis
535 2244 686 2328 poneret?
741 2266 784 2309 uo
796 2247 893 2310 modo
903 2260 1018 2323 autem,
1039 2252 1130 2331 quod
1148 2252 1172 2313 i·
1210 2296 1211 2323 t

337 2323 381 2409 pst
391 2329 484 2393 etiam
497 2328 640 2405 fatentur,
661 2347 722 2391 con
766 2341 837 2411 tque
856 2330 936 2393 inter
947 2349 1072 2407 omnes,
1096 2352 1172 2397 con·

338 2410 513 2489 servabimr,
545 2422 583 2474 ut
608 2408 702 2473 sunile
724 2408 760 2473 fit
779 2411 921 2480 omnium
943 2414 1085 2481 naturale
1099 2415 1171 2479 illud

338 2492 498 2571 ultimum,
518 2494 555 2555 de
568 2511 631 2574 quo
644 2492 819 2574 quaetitur?
850 2508 919 2558 tum
936 2496 1021 2561 enim
1041 2492 1118 2562 effet
1135 2496 1170 2561 fi-

335 2575 423 2652 nale,
436 2573 499 2669 liin
506 2576 609 2673 ceteris
616 2594 738 2667 qunque
745 2577 859 2671 naturis
865 2577 896 2669 id
904 2579 1011 2658 cuique
1018 2574 1093 2674 plset
1098 2579 1174 2676 ulti·

337 2658 1172 2823 attaittttsss‘ttttt‘ifitistiim

337 2835 403 2890 aare
414 2823 560 2905 principia
567 2835 690 2887 naturae
705 2821 715 2885 ?
731 2824 801 2903 quid
810 2826 893 2887 enim
902 2826 987 2902 dicis,
998 2846 1097 2892 omne
1110 2828 1173 2893 ani·

337 2904 524 3055 attat}
537 2918 625 3053 tta
638 2902 1173 3056 staff

339 3008 433 3137 1:115?
440 3074 527 3215 flquin
538 3006 788 3153 ⁸potiuegiltadicis,
810 3088 903 3137 omne
911 3074 1026 3137 animal
1040 3012 1172 3157 appii&-

305 3225 307 3228 ,
338 3165 440 3219 tuma
461 3154 528 3218 ead
539 3155 582 3230 id,
602 3152 685 3235 quod
698 3153 781 3221 ineo
795 3151 831 3218 stt
843 3156 1013 3237 optimum,
1044 3156 1124 3231 &in
1137 3174 1169 3220 e·

332 3233 384 3320 jus
395 3237 485 3302 unius
496 3248 681 3321 occupatum
692 3232 749 3309 effe
758 3236 902 3320 custodia,
922 3237 1172 3389 renquasquffi
