2742 3909
496 368 665 440 Lim
708 369 754 447 ΙΙ.
1001 380 1039 456 67

205 470 382 547 contendis,
407 488 468 551 quo
487 471 603 547 referas,
624 470 710 555 cujus
726 472 767 534 rei
780 471 865 537 causa
886 469 1041 554 perficere,

203 576 282 639 quae
299 556 430 631 conaris,
461 555 546 630 veIIs,
566 556 650 635 quod
671 556 827 636 optimum
854 558 980 641 denique
1005 563 1040 625 in

205 644 269 703 vita
292 640 418 723 judices,
450 656 515 699 non
544 638 649 700 audere
669 639 702 703 in
735 654 891 705 conventu
916 640 1040 707 dicere?

200 726 272 805 quid
301 722 384 786 enim
398 719 503 785 mereri
514 719 584 783 velis
592 718 670 802 jam,
685 740 757 784 cum
772 723 974 801 magistratum
988 728 1039 789 in-

203 806 283 880 ieris,
310 805 339 869 &
364 806 396 867 in
422 803 604 871 concionem
617 802 807 879 adscendens,
829 806 893 886 (est
905 807 1038 873 enimti·

204 888 233 952 bi
246 886 439 961 edicendum,
473 904 547 966 quae
570 882 605 947 fis
630 886 836 950 observaturus
861 891 893 951 in
909 889 977 971 jure
991 894 1036 955 di-

205 969 379 1034 cendoz&
407 963 642 1043 fortaffeetiam,
664 966 751 1032 fitibi
773 971 829 1033 erit
842 971 954 1046 visum,
978 974 1035 1038 ali·

202 1055 277 1135 quid
294 1052 331 1114 de
355 1049 514 1132 majoribus
528 1052 599 1126 tuis,
622 1048 652 1113 δι
668 1050 705 1113 de
718 1063 747 1115 te
760 1052 824 1131 ipso
837 1055 927 1129 dices,
949 1073 1036 1124 more

202 1133 378 1219 majorum)
398 1133 469 1214 quid
483 1135 618 1197 merearis
631 1134 737 1212 igitur,
769 1150 805 1199 ut
819 1150 848 1201 te
861 1138 939 1199 dicas
949 1138 980 1200 in
995 1162 1035 1203 eo

200 1219 374 1300 magistratu
388 1217 493 1279 omnia
504 1216 669 1296 voluptatis
681 1217 766 1279 causa
789 1216 939 1284 fallurum
953 1217 1033 1287 elle?

197 1312 290 1381 'teque
318 1297 392 1363 nihil
406 1296 499 1363 fecill'c
520 1298 553 1361 in
570 1299 644 1373 vita,
665 1296 720 1361 nisi
733 1298 898 1381 voluptatis
909 1302 1034 1370 caufla?

199 1382 254 1447 An
271 1401 333 1458 me,
355 1383 552 1463 inquisstam
579 1394 739 1445 amentem,
761 1397 860 1462 putas,
891 1398 927 1449 ut
951 1392 1030 1469 apud

198 1464 356 1547 imperitos
381 1464 436 1527 isto
460 1464 555 1527 modo
569 1458 700 1545 loquar?
722 1462 769 1525 At
792 1478 826 1527 tu
852 1470 956 1533 eadem
978 1473 1032 1536 ista

163 1618 167 1627 ,
199 1551 248 1613 dic
272 1551 303 1613 in
311 1546 439 1628 judicio,
462 1557 527 1621 aut,
549 1542 569 1607 fi
591 1565 740 1609 coronam
754 1548 852 1622 times,
872 1552 920 1614 dic
937 1556 970 1615 in
984 1554 1030 1618 se-

198 1646 286 1697 natu.
308 1648 474 1709 numquam
486 1628 582 1693 facies.
618 1648 685 1705 cur,
709 1624 763 1693 nifi
775 1633 858 1711 quod
872 1636 966 1714 turpis
985 1638 1029 1701 est

195 1713 315 1778 oratio?
327 1732 414 1777 mene
427 1730 512 1792 ergo,
526 1710 555 1775 δι
566 1707 739 1787 Triarium,
747 1711 854 1793 dignos
866 1718 1029 1799 existimas,

195 1797 276 1879 apud
290 1815 364 1875 quos
376 1797 500 1875 turpiter
512 1794 656 1876 loquare?
680 1792 808 1874 Verum,
826 1800 900 1863 esto.

239 1876 374 1943 XXIII.
400 1875 440 1941 .V
453 1896 471 1939 n
485 1895 507 1945 R
520 1895 538 1937 Β
552 1894 574 1957 p
586 1897 615 1941 M
645 1878 745 1959 ipsum
770 1880 936 1963 voluptatis
961 1904 1027 1951 non

194 1960 285 2026 habet
306 1962 502 2042 dignitatem:
537 1978 592 2023 nec
614 1978 670 2023 nos
683 1958 801 2025 fortaffe
815 1964 1023 2045 intelligimus.

194 2041 256 2111 hoc
279 2046 362 2109 enim
388 2043 549 2108 identidem
561 2042 669 2119 dicitis,
692 2062 757 2105 non
775 2042 941 2123 intelligere
954 2069 1026 2126 nos,

192 2125 385 2207 voluptatem
412 2144 502 2205 quam
513 2124 624 2187 dicatis.
668 2122 750 2187 Rem
769 2124 848 2195 vides
861 2126 1025 2207 difficilem,

197 2210 410 2275 &obscuram
433 2208 586 2273 individua
598 2225 670 2269 cum
678 2207 786 2281 dicitis,
809 2208 1024 2279 &intermun-

192 2293 255 2371 dia,
279 2308 353 2373 quae
367 2290 588 2365 necfuntulla,
610 2308 671 2381 nec·
684 2287 807 2371 poliunt
819 2288 887 2369 elle,
909 2296 1023 2362 intelli-

191 2377 313 2456 gimus:
334 2374 487 2455 voluptas,
510 2392 584 2455 quac
602 2369 760 2453 pa'lleribus
774 2387 849 2441 nota
861 2376 903 2441 est
918 2382 1022 2445 omni·
1066 2444 1070 2451 ,

192 2460 260 2534 bus,
284 2459 400 2523 anobis
412 2454 622 2537 intelligipon
636 2456 754 2536 pqtest?
776 2460 860 2540 quid,
881 2456 1021 2540 fi-efficio,

170 2564 173 2571 ’
191 2556 227 2607 ut
237 2541 362 2617 fatente,
376 2560 497 2605 menon
511 2541 618 2615 modo,
631 2538 703 2621 quid
712 2538 747 2602 lit
760 2538 914 2622 voluptas,
934 2544 1020 2623 scire,

191 2625 257 2707 (est
272 2626 356 2691 enim
363 2624 516 2706 jucundus
531 2636 639 2711 ,motus
664 2624 697 2685 ln
716 2624 824 2704 sensu)
845 2625 891 2697 led
912 2628 1019 2706 etiam,

191 2708 266 2791 quid
280 2726 346 2771 eam
361 2720 395 2771 tu
411 2702 549 2771 velis-elic
564 2704 574 2766 l
599 2719 665 2767 tum
679 2707 761 2780 enim
775 2726 842 2771 eam
853 2709 947 2789 ipsam
961 2712 1020 2790 vis,

173 2808 288 2873 -quam
315 2790 408 2853 modo
434 2806 492 2867 ego
514 2789 600 2851 dixi:
623 2788 653 2850 δι
677 2808 793 2851 nomen
815 2791 959 2875 imponis⁸
982 2798 1018 2861 in

194 2889 286 2937 motu
300 2886 337 2937 ut
350 2870 398 2946 fit,
418 2870 448 2935 δι
466 2870 554 2934 faciat
578 2870 708 2953 aliquam
735 2873 929 2940 varietatem:
950 2892 1019 2943 tum

162 2974 164 2985 ¹
190 2956 283 3021 aliam
296 2956 443 3036 quandam
470 2954 617 3021 summam
646 2953 848 3037 voluptatem,
883 2962 932 3023 cui
951 2963 1020 3025 addi

193 3038 271 3103 mhi}
289 3032 376 3119 poffit
391 3059 398 3099 :
414 3095 417 3101 ,
435 3056 501 3101 eam
520 3050 586 3106 tum
599 3030 704 3111 adele,
726 3056 807 3101 eum·
817 3038 905 3103 dolor
919 3046 1021 3108 omnis

192 3119 279 3195 abfit,
295 3140 420 3202 eamque
432 3120 563 3183 stabilem
576 3120 715 3200 appellas.
759 3117 803 3183 Sit
816 3120 885 3185 sane
896 3124 947 3189 illa
959 3145 1018 3190 vo-

162 3222 163 3281 j
192 3203 304 3285 luptas.
326 3204 373 3267 dic
387 3204 417 3265 in
431 3204 540 3283 quovis
552 3216 721 3277 conventu,
743 3214 773 3265 te
785 3206 889 3268 omnia
910 3208 1019 3286 facere,

194 3286 352 3354 nedolms.
375 3282 395 3349 fi
415 3307 452 3351 ne
466 3288 525 3354 hoc
537 3286 656 3431 qugltem
670 3286 736 3351 satis
749 3287 860 3369 ample,
886 3288 1018 3361 satisho-

624 3384 638 3427 2
937 3377 1019 3438 nelle
