2742 3909
446 362 681 444 nirenta
972 371 1027 441 ῆι

192 465 345 536 solumin
358 461 550 545 animalibus,
571 469 724 535 sedetiam
736 468 769 533 in
785 473 869 535 rebus
892 458 1031 533 omnibus

196 542 249 629 iis,
271 570 343 634 quas
357 560 462 616 natura
475 548 542 627 alit,
560 542 708 636 angen&
727 565 851 618 tuetur:
881 552 1030 633 inquibus
1057 566 1061 575 ’

193 636 349 717 uidemus,
360 656 405 711 ea,
446 636 705 715 uaegignunture
721 648 808 711 terra,
830 634 927 699 multa
948 649 1028 716 quo·

195 717 273 783 dam
300 717 395 781 modo
417 740 434 781 e
501 736 531 782 re
553 717 614 799 ipsa
642 714 692 796 fibi
711 738 762 798 per
779 720 820 791 se,
841 736 915 797 quae
927 719 962 779 ad
981 716 1028 777 vi·

194 788 361 884 rendum„⁴
373 795 622 882 crescendumque
634 800 776 879 valeant,¹
797 794 900 865 &suo
921 816 1028 879 genere

193 878 424 966 perueniantad
440 892 634 964 extremum:
649 897 686 948 ut
696 883 761 966 jam
772 882 860 949 liceat
873 896 1030 945 unacum·

197 956 691 1048 prehendoneomniaeompledi
703 992 713 1041 3
749 984 814 1031 non
839 960 1056 1045 dubitemque'

196 1049 311 1130 dicere,
341 1067 467 1130 omnem
480 1060 619 1111 naturam
640 1042 695 1112 esse
711 1048 959 1113 conservatricem
972 1046 1030 1121 sui,

193 1130 291 1215 idque
310 1128 416 1211 habere
435 1127 623 1213 propositum
635 1128 715 1214 quast
741 1130 846 1209 finem,
875 1128 904 1193 δι
930 1137 1030 1193 extrem,

197 1232 308 1289 mum,
329 1208 357 1281 fe
378 1224 415 1284 ut
427 1210 675 1359 custodiat'quam
696 1216 728 1278 in
747 1216 865 1295 optimo
879 1212 923 1359 [ἃ
939 1221 1029 1293 gene-

195 1300 241 1370 ris
260 1295 355 1360 statu:
390 1306 426 1378 ut
449 1292 562 1377 nocelse
609 1305 635 1372 t,
656 1298 798 1377 omnium
814 1308 880 1367 reru
916 1338 927 1370 ‚
956 1314 1033 1377 quae

170 1382 174 1387 ’
196 1391 312 1448 natura
334 1380 467 1458 vigeant,
502 1374 631 1442 similem
657 1373 714 1458 effe
732 1376 839 1457 finem,
872 1398 936 1441 non
953 1396 1029 1439 eun-

151 1507 152 1542 3
196 1463 286 1537 dem.
321 1480 361 1523 ex
376 1480 438 1542 quo
461 1458 589 1539 intelligi
605 1462 703 1545 debet,
737 1462 855 1537 homini
876 1461 905 1523 id
919 1456 974 1524 efl'e
996 1461 1030 1523 in
1088 1481 1090 1485 ·

151 1623 152 1626 Ἴ
194 1546 292 1623 bonis
308 1543 465 1624 ultimum,
479 1542 642 1620 secundum
660 1555 798 1625 naturam
809 1545 927 1607 vivere:
947 1542 1031 1624 quod

151 1707 152 1710 Ἴ
196 1631 247 1695 ita
258 1630 499 1707 interpretemur,
520 1626 620 1690 rivere
633 1647 671 1691 ex
680 1628 811 1699 hominis
824 1636 929 1689 natura
941 1624 1030 1687 undi-

151 1741 152 1744 ¹
198 1730 265 1793 que
285 1706 426 1791 perledla,
445 1706 476 1771 dt
496 1706 570 1771 nihil
592 1710 770 1790 requirente.
828 1706 911 1790 Haec
939 1708 1029 1788 igitur

151 1840 153 1846 r
197 1794 292 1859 nobis
305 1790 482 1875 explicanda
495 1791 581 1871 sunt:
615 1788 705 1871 sedfi
731 1792 899 1873 enodatius,
926 1810 981 1853 vos
1002 1790 1029 1853 i-.

151 1956 152 1960 Ἰ
194 1876 365 1957 gnoscetia
386 1872 474 1957 hujus
489 1875 573 1939 enim
589 1879 690 1951 aetati,
712 1874 839 1953 &huie,
870 1892 953 1937 nune
970 1872 1030 1936 hoc

151 2038 154 2044 ‚
195 1962 338 2043 primum
360 1953 477 2022 fortasse
503 1958 646 2033 audienti,
667 1958 774 2021 servire
794 1956 941 2019 debemus.
982 1953 1032 2019 lta

194 2042 336 2127 prorsus,
371 2041 505 2121 inquam.
541 2038 593 2103 etfi
620 2061 653 2102 ea
678 2040 812 2122 quidem,
832 2056 908 2119 quae
932 2037 1030 2101 adhuc

196 2124 320 2199 dixisti,
342 2123 481 2206 quamvis
499 2123 536 2185 ad
545 2135 675 2187 aetatem
699 2120 779 2193 redte
801 2118 857 2187 isto
877 2120 970 2199 modo
983 2120 1028 2183 di-

193 2218 353 2281 cerentur.

151 2290 153 2296 '
237 2288 294 2358 ¹X.
324 2279 562 2350 Exrosr‘rn
580 2288 685 2367 igitur,
708 2287 818 2367 inquit,
842 2285 1030 2349 terminatio-

151 2373 152 2376 ’
195 2394 242 2439 ne
265 2389 367 2435 rerum
390 2370 639 2450 expetendarum,
667 2390 722 2434 cur
750 2370 842 2434 istase
859 2387 904 2431 res
917 2369 958 2433 ita
976 2368 1030 2431 ha·

151 2456 153 2462 ’
195 2459 282 2531 beat,
317 2466 355 2517 ut
385 2454 463 2529 dixi,
509 2454 646 2533 deinceps
677 2451 942 2517 demonstrandum
976 2450 1028 2513 est.
1117 2507 1124 2517 .

151 2536 153 2619 ζ
196 2538 399 2617 quamobrem
423 2535 576 2600 ordiamur
594 2539 629 2600 ab
646 2558 696 2611 eo,
717 2538 799 2617 quod
820 2537 952 2617 primum
973 2550 1030 2613 po·

151 2620 152 2627 '
196 2624 260 2687 sui.
283 2622 367 2703 quod
381 2618 460 2683 idem
475 2618 575 2698 reapse
592 2621 728 2698 primum
747 2618 802 2693 est,
824 2632 860 2681 ut
881 2614 1029 2697 intelligi-

151 2704 154 2712 ’
198 2722 288 2780 mus,
323 2722 420 2765 omne.
446 2702 558 2765 animal
587 2702 617 2765 se
654 2704 753 2783 ipsum
790 2700 917 2782 diligere,
948 2698 1032 2781 quod

196 2783 403 2869 quamquam
419 2786 638 2849 dubitationem
659 2806 725 2849 non
748 2785 833 2848 habet
865 2782 929 2865 (est
948 2784 1035 2847 enim'

151 2927 152 2932 ,
195 2868 343 2947 infixum
356 2867 592 2948 inipsanatura,
613 2868 879 2948 comprehenditur
902 2864 960 2927 suis
973 2884 1029 2929 cu-

190 2952 312 3037 jusque
333 2946 475 3027 senfibus,
497 2946 550 3025 fic,
570 2961 619 3026 ut,
639 2963 747 3014 eontra
762 2948 860 3031 siquis
868 2944 964 3011 dicere
977 2967 1028 3011 νε)ό

195 3036 254 3113 lit,
275 3052 342 3099 non
355 3030 521 3113 audiatur)
541 3046 656 3109 tamen,
685 3035 797 3115 nequid
814 3030 1030 3113 praetermitta-

198 3135 289 3193 mus,
319 3116 449 3180 rationes
477 3133 611 3197 quoque,
641 3117 768 3179 curhoe
782 3118 823 3178 ita
836 3110 882 3189 sit,
904 3110 1029 3176 afferen-

197 3202 255 3266 das
274 3212 363 3281 puro.
406 3194 530 3278 Etfiqui
545 3198 642 3280 potest
655 3198 794 3279 intelligi,
814 3211 867 3260 aut
889 3198 1029 3276 cogitari,

151 3345 152 3350 ,
196 3278 263 3361 effe
282 3280 407 3365 aliquod
425 3280 550 3361 animal,
570 3282 652 3362 quod
676 3282 705 3347 se
732 3274 849 3349 oderit?
883 3298 927 3342 res
948 3280 1031 3343 enim

341 3381 344 3386 '
847 3374 1031 3430 concurrent
