2742 3909
521 328 678 405 errn
713 328 774 403 IV.
1001 342 1062 427 ης

225 443 319 507 rebus
331 441 432 521 bonis,
455 434 584 503 &malls
612 438 757 502 sentirent
777 455 823 513 ea,
875 453 929 505 uae
941 438 980 504 ab
1004 437 1069 502 hoc

221 524 398 613 Polemope
420 523 511 586 Zeno
525 531 727 603 cognoverat:
749 452 925 585 nomnibus
939 526 1062 586 uteren-

222 620 282 673 tur
295 605 343 684 lis,
364 614 438 689 qnae
456 608 552 687 prima
565 599 670 685 spedle,
695 602 938 682 admirationem
960 622 992 669 re
1003 613 1060 669 etr·

223 691 352 773 plicata,
374 689 467 752 risum
481 701 649 751 moverent.
694 684 754 747 Tu
767 692 882 763 autern,
903 685 924 751 sr
942 689 994 753 tibi
1007 687 1059 751 illa

204 776 210 783 '
222 773 446 856 probabantur,
460 790 515 834 cur
526 788 591 834 non
604 770 731 915 propriis
744 770 838 832 verbis
851 768 902 833 illa
915 764 1055 838 tenebas?

223 856 273 922 sto
288 870 320 921 te
333 854 494 919 audioritu
506 868 669 918 commove
689 864 741 915 at:
764 851 887 916 nobisne
900 855 1055 927 omnibus,

224 938 260 1005 dr
274 936 398 1004 Platoni
411 934 475 1019 ipss,
496 938 701 1019 nescioquem
724 932 813 999 illum
832 940 901 999 ante
923 933 1057 1003 onebaet
1160 923 1168 949 ¹

220 1022 399 1110 praesertim
415 1032 489 1084 cunt
501 1023 533 1083 in
546 1018 697 1101 republica
741 1020 855 1099 rinceps
878 956 934 1085 ese
953 1020 1057 1094 velles,

221 1109 264 1171 ad
291 1117 418 1187 eamque
442 1104 584 1167 tuendam
606 1116 681 1165 curn
707 1036 824 1163 sonna
842 1112 895 1167 tua
912 1102 1057 1183 dignitate

221 1191 387 1257 maximea
398 1188 484 1251 nobis
494 1184 607 1261 ornari,
620 1195 711 1265 atque
723 1182 828 1265 instrui
839 1178 930 1265 pofl'oe
943 1184 955 1248 i
971 1184 1058 1249 nobis

222 1275 312 1339 enim
346 1268 399 1334 ista
429 1267 570 1352 quaesita,
606 1286 623 1328 a
646 1268 731 1329 nobis
753 1264 915 1347 descripta,⁴
935 1274 1053 1345 notata,

223 1364 384 1437 praecepta
412 1351 501 1418 sunt:
541 1348 742 1427 omniumque
765 1350 1056 1431 rerumpublicarum

219 1438 386 1511 restionem
437 1434 663 1511 encratitas,
694 1433 887 1509 mutationes,
919 1434 996 1515 leges
1021 1450 1055 1499 o·

158 1554 176 1566 ··
221 1524 315 1595 tiam,
336 1518 366 1580 ἃ
384 1517 416 1579 in
444 1518 533 1594 ruta,
547 1524 582 1580 a'c
599 1530 697 1577 moret
716 1514 875 1578 civitatum
889 1512 1056 1597 perscripsi-

223 1619 308 1669 mus.
330 1601 518 1680 eloquentiae
540 1616 613 1663 vero
649 1615 724 1677 quae
738 1594 775 1660 διΙ
782 1596 964 1679 principibus
988 1606 1052 1661 lna-

209 1688 315 1750 'xime
334 1696 516 1747 ornamento
534 1680 588 1758 est,
611 1642 641 1742 iz
664 1696 722 1759 qua
745 1694 775 1744 te
791 1680 960 1745 audivimus
973 1682 1055 1746 vale·

220 1784 272 1845 re,
295 1766 464 1847 plurimum
478 1776 627 1843 quantum
639 1762 692 1826 tibi
713 1781 754 1849 ex
768 1764 978 1828 monumentis
996 1784 1053 1827 no-

221 1851 291 1917 stris
303 1846 472 1913 addidisses?
489 1847 534 1910 Ea
546 1864 619 1912 cum
633 1842 782 1917 dixissent,
797 1848 867 1926 quid
875 1848 996 1911 tandem
1009 1860 1056 1911 ta-

219 1935 304 1998 libus
331 1934 401 1995 viris
415 1926 621 2012 responderes?
645 1924 798 2007 Rogarem
825 1942 866 2002 te,
887 1931 998 2009 inquit,
1021 1944 1057 1994 nt

223 2018 338 2081 diceros
356 2032 412 2095 pro
433 2030 483 2082 me
497 2026 532 2075 tu
551 2012 641 2085 idem,
663 2013 715 2091 qni
740 2009 797 2072 illis
823 2011 992 2074 orationem
1010 2012 1056 2075 dl-

223 2095 375 2174 clavile,
396 2097 448 2160 vel
475 2095 577 2177 potius
597 2092 739 2172 paullum
763 2090 823 2153 loci
846 2091 931 2166 mihi,
954 2105 989 2154 ut
1012 2094 1056 2157 his

220 2182 449 2263 responderem,
461 2178 555 2253 dares,
568 2172 622 2240 nist
632 2174 662 2237 ἃ
673 2187 702 2236 te
716 2173 815 2237 audire
825 2188 909 2237 nunc
920 2173 1055 2253 mallent,

224 2267 259 2329 δι
281 2262 341 2328 illis
365 2276 466 2327 tamen
494 2260 554 2324 alio
582 2270 718 2337 tempore
740 2254 932 2339 responsurus
953 2252 1054 2335 essem,

212 2351 307 2414 'tunc
327 2344 451 2419 scilicet,
473 2361 548 2406 curn
561 2340 623 2405 tibi.

269 2423 404 2493 ΧΧΙΙΙ.
427 2427 458 2487 A
470 2445 493 2487 τ
541 2440 564 2484 u
576 2444 589 2486 1
603 2420 624 2485 fi
637 2430 746 2485 terum
762 2420 936 2503 respondere
949 2420 1054 2501 velles,·

223 2510 326 2589 Cato,
344 2510 417 2574 haec
430 2442 662 2581 eranffbcenda
682 2496 762 2567 Non
772 2522 825 2567 eos
842 2505 892 2566 tibi
907 2516 973 2567 non
986 2524 1056 2585 pro-

219 2600 324 2671 baton,
349 2586 576 2670 tantisingeniid
593 2589 744 2661 homines,
770 2598 910 2666 tantaque
923 2586 1055 2651 auctori

220 2688 300 2752 tate,
324 2677 371 2740 sed
386 2690 417 2739 te
439 2666 685 2746 animadvertifi'e,
707 2679 778 2749 quas
803 2683 847 2732 res
868 2668 912 2732 illi
935 2685 1057 2751 propter

215 2762 441 2842 'antiquitatem
466 2771 573 2835 parurn
596 2748 746 2827 vidissent,
768 2770 818 2815 eas
839 2770 856 2816 a
882 2748 988 2816 Stoicis
1002 2748 1057 2818 effe

222 2838 406 2926 persped’tas,
436 2838 601 2917 eisdemque
622 2836 658 2898 de
680 2838 767 2898 rebus
785 2834 840 2897 hos
861 2844 929 2897 turn
942 2834 1058 2901 adustus

215 2915 398 2997 disseruisse,
421 2930 490 2985 tum
512 2913 769 3004 senfiffegrauius,
785 2916 947 2992 desertius,
970 2914 1057 3000 qn'rp‘-

223 3024 265 3090 pe
287 3008 485 3087 qntprimom
498 3000 698 3067 valitudinem
713 3001 838 3074 bonam,
858 3004 1059 3087 expetendam

222 3104 343 3171 negent
358 3086 426 3162 elle,
448 3086 617 3167 eligendam
632 3085 756 3146 dicant:
778 3093 842 3144 non
857 3082 924 3159 quta
946 3081 979 3146 fit
1002 3088 1057 3149 bo-

220 3190 306 3238 num
334 3164 444 3245 valere,
476 3170 525 3233 sed
540 3169 608 3247 quta
637 3162 672 3227 srt
686 3179 761 3227 nort
781 3164 885 3228 nihilo·
902 3166 1059 3232 aestiman-

220 3260 320 3322 dum:
354 3265 452 3336 neque
472 3265 572 3317 tamen
599 3248 692 3393 pirgis
717 3256 810 3330 quant
833 3246 890 3310 illis
913 3251 1059 3323 videatur,

693 3350 709 3406 3
1011 3353 1063 3413 qut
