2742 3909
552 301 822 388 annnIV(
1039 331 1097 398 ¹53

224 387 373 496 fimus,
404 417 519 486 finihil
542 415 676 486 interesse
696 413 798 484 nostra
818 429 969 497 putemus,
1000 417 1099 484 valea·

276 503 350 574 us,
373 505 491 584 aegrine
505 499 613 570 fimus:
635 520 788 577 vacemus,
803 521 841 564 an
864 503 1032 564 cruciemur
1042 501 1099 565 do·

240 581 359 650 ,ΟΥΕ
378 587 483 670 frigus,
508 587 620 652 samem
634 604 691 666 pro
712 585 806 650 ulsare
827 580 980 664 poffnnus,
1001 604 1100 652 necno

247 655 434 736 wffimus:
457 670 552 745 vives,
573 669 671 752 inquit
716 667 801 744 msto,
821 665 992 748 magnifice,
1006 679 1099 752 atque

250 739 437 819 praeclam:
459 752 540 838 quod
560 753 616 818 erit
628 771 758 836 cumque
770 750 881 826 visum,
903 767 985 830 ages,
1005 768 1101 818 num·

255 809 494 916 Qmangere,
516 855 683 918 numquam
692 834 807 916 cupies,
830 852 996 912 numquam
1009 835 1100 902 time-

258 885 323 970 bss·
372 917 456 1002 Qud
469 917 582 982 Zeno?
595 930 735 1000 portenta
744 917 815 982 haec
829 911 885 980 esse
899 916 984 990 dicit,
995 934 1052 984 nee
1066 939 1101 984 ez

266 987 393 1068 tatione
407 1001 472 1064 ullo
498 1002 592 1065 modo
607 997 689 1085 poss'e
707 1000 790 1074 vivi3
821 999 869 1062 sed
882 996 998 1063 differre
1022 1001 1103 1064 inter

268 1051 445 1160 honestum,
457 1084 595 1166 &turpe‚
609 1085 740 1150 nimium
748 1095 909 1165 quantum,
923 1081 1021 1145 nescio
1032 1083 1105 1166 quid

274 1157 479 1232 Qmensum:
501 1168 579 1230 inter
602 1182 712 1232 ceteras
733 1185 776 1230 res
795 1165 869 1230 nihil
897 1165 1028 1230 omnino
1052 1168 1101 1229 in·

278 1235 386 1316 Qoeffe.
429 1246 514 1316 Idem
531 1251 646 1312 adhuc:
684 1249 696 1320 1
707 1249 774 1313 audi
801 1248 922 1328 reliqua,
951 1247 981 1312 &
1010 1247 1104 1314 risum

283 1327 414 1408 contine,
436 1331 457 1396 fi
470 1331 578 1414 potes)
602 1329 707 1394 Media
722 1331 785 1405 illa,
800 1333 909 1410 inquit,
932 1333 1013 1394 inter
1028 1352 1105 1414 quae

291 1409 357 1486 ‚nihil
383 1416 515 1492 interest,
538 1429 639 1478 tamen
664 1412 810 1508 ejusmodi
837 1415 919 1488 sunt,
941 1426 1106 1480 uteorum

285 1489 338 1560 §lia
348 1498 481 1580 eligenda
491 1496 563 1572 snm,
583 1497 639 1562 alia
647 1499 816 1581 rejicienda,
838 1495 895 1559 alia
907 1497 1036 1558 omnino
1052 1518 1105 1562 ne-

292 1575 428 1722 fligenda,
450 1582 511 1645 hoc
525 1581 579 1656 est,
601 1594 637 1645 ut
659 1600 765 1645 eorum
787 1577 940 1653 aliavelis,
962 1579 1019 1642 alia
1046 1599 1106 1643 no-

309 1659 333 1738 ',
351 1664 406 1728 alia
420 1684 486 1730 non
496 1683 589 1728 cures.
635 1663 679 1726 At
704 1666 797 1726 modo
824 1663 949 1738 dixeras,
971 1661 1046 1728 nihil
1073 1664 1106 1730 in

295 1739 421 1814 hissenus
439 1743 508 1825 efle,
539 1747 620 1830 quod
646 1745 803 1826 interesset.
822 1743 891 1810 ·Et
919 1767 1002 1812 nunc
1028 1748 1107 1812 idem

293 1825 503 1974 dicoffinquim
514 1830 562 1894 sed
574 1832 611 1893 ad
624 1831 762 1908 virtutes,
783 1830 859 1894 &ad
872 1831 958 1906 vitia,
969 1830 1044 1896 nihil
1057 1834 1105 1896 in·

291 1921 342 1976 tere
364 1937 390 1977 e.

325 1990 453 2058 XXVI,
476 1991 543 2075 Qu
556 2014 593 2057 1s
612 1994 701 2070 istuc,
721 1994 841 2078 quaese,
857 1993 1025 2056 nesciebat?
1041 1993 1108 2060 Ve.

287 2095 351 2142 rum
377 2080 542 2142 audiamus.
584 2075 656 2155 Ista,
682 2079 794 2158 inquit,
823 2095 898 2157 quae
919 2075 1032 2151 dixisti,
1054 2096 1108 2140 va-

285 2159 352 2238 lere,
374 2159 562 2240 locupletem
581 2158 651 2235 elle,
672 2181 739 2224 non
752 2161 866 2233 dolere,
889 2160 968 2220 bom
983 2178 1048 2222 non
1062 2160 1108 2224 di-

284 2263 333 2321 to,
356 2245 403 2308 sed
425 2243 523 2306 dicam
546 2239 664 2308 Graece
680 2241 863 2328 προηγμίνω,
885 2240 994 2305 Latine
1006 2255 1109 2312 autem

283 2327 447 2408 pronum:
469 2325 516 2389 sed
529 2323 704 2406 praepofita,
719 2341 771 2388 aut
785 2327 940 2406 praecipua
953 2325 1045 2389 malo.
1068 2325 1108 2392 fic

283 2408 523 2485 toletanum&
547 2409 678 2472 mollius.
722 2406 779 2470 Illa
801 2421 915 2482 autem,
936 2407 1108 2486 egestatem,

283 2495 440 2568 morbum,
470 2492 619 2566 dolorem,
654 2509 719 2554 non
742 2491 859 2572 appello
883 2489 973 2563 mala,
995 2491 1056 2566 sed,
1087 2491 1110 2558 fi

281 2575 367 2652 libet,
387 2572 560 2641 reeomea.
603 2571 709 2656 Itaque
727 2572 779 2636 illa
796 2594 863 2636 non
871 2575 939 2636 dico
953 2591 1002 2634 me
1015 2591 1109 2654 expe-

283 2671 358 2734 tere,
380 2659 397 2722 s
455 2657 562 2738 legere,
585 2676 641 2720 nec
663 2669 779 2737 optare,
809 2655 857 2718 sed
876 2655 1009 2720 sumere:
1030 2677 1108 2721 con-

281 2743 372 2804 traria
383 2755 485 2804 autem
495 2760 558 2804 non
572 2739 685 2819 fugere,
701 2739 747 2800 sed
757 2735 835 2819 quafi
845 2741 1000 2804 secernere.
1025 2738 1110 2822 Qid

283 2824 325 2888 ait
340 2823 528 2899 Aristoteles,
542 2822 705 2904 reliquique
714 2820 850 2884 Platonis
862 2821 998 2884 alumni?
1021 2821 1058 2886 Se
1073 2845 1110 2887 o-

284 2907 381 2984 mnin,
402 2927 476 2990 quae
494 2907 657 2970 secundum
678 2918 817 2966 naturam
831 2902 900 2980 slot,
916 2907 994 2968 bona
1007 2905 1110 2984 appel·

283 2989 368 3054 lare:
388 3009 464 3070 quae
489 3001 592 3053 autem
608 3000 729 3062 eontra,
766 2986 853 3050 mala.
898 2985 1027 3050 Videsne
1052 2989 1110 3070 igi-

283 3085 348 3146 tur,
381 3072 545 3138 Zenonem
559 3085 648 3152 tuum
661 3090 734 3134 cum
749 3069 891 3133 Aristone
904 3071 999 3134 verbis
1012 3070 1112 3146 confi,-

284 3155 374 3232 stere‚
402 3175 433 3219 re
452 3153 601 3220 diffidere:
636 3173 709 3216 cum
738 3152 912 3228 Aristotele,
947 3153 977 3216 δι
1005 3153 1063 3218 illis
1079 3176 1115 3222 ro

286 3237 470 3315 consentire,
501 3237 596 3305 verbis
617 3235 799 3318 discrepare?
834 3255 887 3300 cur
914 3237 1018 3320 igitur,
1040 3259 1113 3381 ευὲη

1096 3341 1121 3384 e-

1129 3387 1159 3417 Ι
