2742 3909
480 274 650 339 Ltuut
691 270 753 338 lv.
972 298 1007 359 ις
1013 300 1031 360 ς
1068 314 1075 321 ·

211 374 374 462 κιρῖθοξι
395 378 452 456 illi,
488 399 545 442 nos
566 376 746 441 admirabilia
767 377 908 441 dicamus.
964 378 1049 478 Quid

212 480 321 523 autem
332 465 442 525 habent
455 460 670 537 admirationis,
691 480 763 523 cum
772 480 864 541 prope
876 460 1045 529 accedens?

214 544 374 609 conferam
387 558 503 622 tecum,
524 563 615 627 quam
634 542 742 624 cuique
765 545 855 605 verbo
868 564 933 607 rem
955 545 1045 631 subji-

212 627 297 689 cias:
321 627 405 691 nulla
422 628 478 691 erit
491 622 705 690 controversia.
739 628 843 688 omnia
859 641 979 706 peccata
989 650 1044 709 pa·

212 709 257 775 ria
271 710 377 775 dicitis.
398 730 465 773 non
479 728 536 793 ego
554 723 656 772 tecum
665 708 730 791 jam
744 709 786 771 ita
804 709 927 789 loquor,
947 725 982 775 ut
994 713 1044 777 iis·

212 793 286 855 dem
298 795 344 856 his
357 794 393 856 de
415 795 512 868 rebus,
543 811 617 856 cum
637 790 677 854 L.
707 788 885 866 Murenam,
906 806 936 855 te
953 815 1044 863 accu-

212 874 311 951 sante,
332 876 528 941 defenderem.
557 876 635 959 apud
648 875 803 953 imperitos
816 887 884 938 tum
896 874 948 938 illa·
964 878 1044 943 dicta

213 957 306 1019 sunt:
327 959 439 1039 aliquid
453 961 543 1024 etiarn
557 976 689 1021 coronae
701 956 821 1019 datum:
852 975 935 1021 nunc
948 978 1043 1039 agen·

213 1041 290 1102 dum
308 1040 351 1106 est
364 1040 507 1105 subtilius.
549 1039 675 1103 Peccata
683 1040 764 1119 paria
775 1058 909 1121 quonam
922 1042 1039 1105 modo?

176 1150 180 1157 ·
212 1123 286 1206 quia
304 1144 362 1186 nec
374 1124 502 1187 honesto
514 1124 675 1207 quidquam
698 1122 861 1198 honestius,
892 1142 948 1186 nec
961 1128 1044 1205 turpi

211 1205 343 1285 turpius.
385 1206 482 1286 Perge
509 1226 612 1287 porro.
635 1222 707 1269 nam
720 1207 756 1267 de
775 1205 831 1268 isto
853 1224 962 1285 magna
984 1208 1042 1270 dis-

212 1286 310 1353 senfio
323 1289 375 1351 est.
411 1288 464 1352 illa
476 1302 652 1368 argumenta
664 1286 784 1368 propria
804 1288 967 1365 videamus,
988 1310 1043 1355 cur

211 1373 321 1434 omnia
342 1384 464 1451 peccata
476 1370 535 1434 fint
552 1372 641 1451 paria.
684 1370 746 1445 Ut,
767 1370 874 1449 inquit,
890 1372 921 1435 in
935 1370 1039 1439 fidibus

169 1484 173 1491 ·
210 1454 364 1534 plurimis,
399 1452 421 1515 fi
445 1454 529 1516 nulla
548 1471 652 1517 earum
675 1453 717 1514 ita
739 1466 885 1518 contenta
907 1459 1040 1523 numetis

212 1535 263 1611 fit,
283 1549 320 1599 ut
346 1548 533 1601 concentum
556 1537 667 1599 servare
684 1532 785 1614 polltt,
816 1554 921 1598 omnes
947 1556 1038 1619 aeque

208 1618 410 1683 incontentae
435 1616 510 1682 lint:
539 1616 579 1682 stc
600 1634 732 1699 peccata,
760 1619 828 1699 quia
861 1620 1038 1699 discrepant,

212 1722 307 1785 aeque
318 1702 506 1785 discrepant:
535 1702 615 1783 paria
631 1696 702 1763 sunt
715 1701 814 1781 igitur.
869 1700 1038 1767 Hicambi-

210 1805 275 1865 guo
292 1784 436 1848 ludimur.
458 1804 549 1868 aeque
561 1786 643 1850 enim
661 1785 814 1863 contingit
838 1786 977 1849 omnibus
998 1784 1037 1851 fi-

209 1871 308 1941 dibus,
328 1882 364 1930 ut
376 1870 572 1932 incontentae
583 1866 658 1929 sint:
680 1866 755 1928 illud
779 1886 844 1931 non
870 1870 1034 1945 continuo,

210 1964 248 2014 ut
260 1970 354 2032 aeque
367 1952 571 2013 incontentae.
604 1947 727 2011 collatio
746 1950 839 2027 igitur
854 1950 907 2011 ista
919 1965 949 2013 te
960 1950 1037 2017 nihil

204 2031 306 2119 juvat.
329 2052 386 2095 nec
405 2034 489 2096 enim
506 2051 614 2094 omnes
634 2032 769 2092 avaritias
788 2028 809 2091 fi
837 2050 927 2113 aeque
939 2036 1036 2095 avari-

212 2118 267 2179 tias
283 2112 527 2187 clerinomiae,
548 2114 564 2176 s
597 2113 679 2175 uitur
691 2113 782 2175 etiam
805 2127 840 2174 ut
857 2131 960 2191 aequas
981 2112 1037 2180 else

209 2200 354 2261 dicamus.
396 2196 477 2261 Ecce
489 2197 569 2259 aliud
604 2195 675 2258 mile
692 2191 834 2257 dillimile.
877 2194 925 2258 Ut
937 2198 1033 2275 enim,

210 2282 324 2363 inquit,
345 2283 526 2361 gubernator
541 2296 632 2358 aeque
643 2292 760 2358 peccat,
783 2275 802 2339 li
816 2276 967 2357 palearum
980 2300 1034 2345 na-

210 2384 283 2428 vem
297 2366 420 2438 evertit,
444 2361 607 2425 &flauriz
641 2363 715 2425 item
736 2379 825 2441 aeque
847 2374 962 2441 peccat,
983 2366 1035 2445 qui

209 2459 379 2527 parentem,
402 2447 431 2509 δι
450 2449 502 2527 qui
518 2446 636 2509 servum
645 2442 753 2526 injuria
766 2444 907 2507 verberat.
950 2442 1034 2509 Haec

207 2551 276 2593 non
290 2530 400 2606 videre,
420 2531 503 2611 cujus
516 2528 631 2607 generis
644 2547 721 2589 onus
730 2526 921 2602 navisvehat,
931 2526 967 2588 ad
975 2544 1034 2605 gu·

206 2614 373 2677 bernatoris
385 2625 479 2674 artem
502 2611 576 2673 nihil
589 2608 759 2690 pertinere?
781 2612 892 2689 itaque,
911 2626 1032 2687 aurum,

207 2696 365 2777 paleamve
378 2708 491 2773 portet,
512 2694 549 2754 ad
562 2695 648 2764 bene,
662 2705 715 2753 aut
728 2693 763 2754 ad
775 2691 853 2753 male
866 2693 1034 2770 gubernan-

207 2779 296 2853 dum,
307 2776 382 2840 nihil
396 2772 537 2840 interelle.
553 2787 584 2838 at
597 2775 667 2857 quid
679 2775 757 2837 inter
766 2774 964 2855 parentem&
974 2776 1034 2841 ser-

206 2858 457 2937 vuluminterfit,
473 2858 601 2937 intelligi
620 2858 650 2920 δι
664 2856 772 2935 potest,
794 2856 823 2917 δι
842 2858 937 2919 debet.
960 2876 1034 2938 ergo

205 2943 451 3024 in·gubernando
469 2942 557 3014 nihil,
578 2942 610 3002 in
628 2936 728 3001 officio
750 2940 915 3021 plurimum
939 2940 1033 3002 inter-

205 3025 263 3104 est,
284 3046 347 3108 quo
360 3027 392 3087 in
405 3044 512 3105 genere
530 3035 679 3105 peccetur.
704 3022 733 3084 du
758 3020 821 3084 siin
839 3021 899 3101 ipsa
925 3024 1032 3101 guber-

206 3110 335 3174 natione
360 3108 544 3189 negligentia
571 3107 612 3170 est
636 3104 719 3169 navis
745 3106 855 3179 eversa,
876 3104 971 3186 majus
991 3106 1033 3170 est

204 3207 368 3277 peccatum
382 3194 414 3256 in
427 3210 515 3267 auro,
528 3189 659 3274 quamitt
672 3189 764 3271 palea.
789 3186 942 3254 Omnibus
950 3190 1033 3337 engrn

241 3290 247 3299 ‘
536 3314 541 3322 -
926 3284 980 3335 atu
1001 3291 1035 3336 US
