2742 3909
249 410 252 414 ,
438 353 442 358 ’
518 335 687 406 Lruan
728 335 757 406 Ῑ·.
855 357 859 365 ·
1013 367 1065 432 ·,

240 457 275 510 te
285 443 412 524 intelligi
430 443 601 506 convenire.
646 439 795 520 Epicurus
817 451 929 519 autern,
950 443 1061 526 inqui-

238 527 291 601 bus
319 528 447 608 sequitur
473 521 702 596 Democritum,
737 543 802 586 non
832 525 891 587 fere
937 526 1060 590 labitur:

206 605 223 660 ἶ
234 628 417 691 quamquam
429 606 580 687 utriusque
593 625 664 669 curn
678 605 775 668 multa
788 624 852 667 non
862 609 969 686 p'robo,
993 624 1060 676 cnm

237 689 313 753 illud
337 692 369 754 in
392 690 506 771 primis,
525 689 692 769 quodcum
716 688 749 750 in
770 706 870 751 rerum
883 702 986 754 natura
1000 693 1061 756 dno
1148 691 1153 702 “

233 774 399 853 quaerenda
423 769 494 844 fint,
514 790 626 846 unum,
647 790 723 852 quae
749 771 870 833 materia
895 770 930 833 fit
945 793 984 834 ex
1001 795 1060 856 qua

152 863 154 868 ’
233 873 368 938 quaeque
381 874 426 917 ree
438 850 603 926 efficiatum
638 853 779 927 alterurn,
800 855 926 933 quaevis
940 853 1060 938 sicquae

232 937 363 1027 quidque
375 933 480 1000 efficiat
493 957 501 996 z
532 936 569 999 de
578 937 699 1009 materia
712 934 906 998 diss'eruerunt
922 962 931 1010 3
953 941 1017 1001 vim
1030 942 1061 1004 dc

235 1016 365 1102 caussam
379 1015 520 1082 efficiendi
532 1015 727 1099 reliquerunt.
772 1015 828 1078 Sed
850 1018 909 1081 hoc
922 1039 1063 1086 commu-

235 1121 276 1168 ne
289 1103 415 1165 vitium:
435 1097 502 1162 illae
514 1097 636 1179 Epicuri
649 1100 784 1179 propriae
794 1100 903 1162 ruinae.
949 1101 1060 1170 Censet

236 1185 332 1261 enirn,
351 1183 454 1247 eadem
462 1182 514 1249 illa
526 1182 678 1246 individua
695 1181 724 1243 δι
744 1180 835 1245 solida
846 1201 974 1263 cor-pora
992 1186 1062 1250 ferri

235 1266 291 1329 suo
304 1266 441 1330 deorsum
452 1265 584 1345 pondere
596 1265 632 1326 ad
645 1264 776 1327 lineam:
797 1266 879 1327 hunc
893 1269 1060 1342 naturalem

234 1345 293 1412 effe
305 1349 445 1412 omnium
457 1365 620 1427 corporum
634 1357 766 1409 motum.
822 1343 941 1411 Deinde
954 1351 1062 1416 ibidem

238 1431 333 1494 homo
346 1444 463 1505 acutus,
484 1448 556 1490 curn
569 1427 643 1490 illud
655 1439 843 1501 occurreret,
858 1425 879 1492 fi
892 1432 996 1496 omnia
1007 1434 1059 1500 de-

236 1515 348 1576 orsuse
361 1513 483 1592 regione
496 1509 654 1585 ferrentur,
677 1509 721 1585 dt,
743 1525 779 1572 ut
788 1511 863 1586 dixi,
885 1511 1057 1592 adlimam,

237 1614 405 1679 numquam
426 1594 505 1670 fore,
532 1605 568 1656 ut
586 1606 705 1656 atomus
719 1590 811 1656 altera
823 1591 946 1656 alteram
966 1595 1060 1676 poll'et

234 1679 408 1758 adtingere3
430 1680 527 1759 itaque
538 1677 644 1739 adtulit
658 1695 721 1739 rem
730 1678 992 1742 commenticiam:
1007 1683 1057 1746 de·

235 1760 431 1824 clinaredixit
441 1772 581 1822 atomum
591 1759 791 1840 perpaullum,
812 1777 873 1838 quo
882 1760 1060 1842 nihilpoll'et

237 1839 302 1906 fieri
318 1843 440 1908 minus:
473 1841 514 1902 ita
525 1838 600 1903 effici
613 1839 853 1920 complexiones,
889 1843 1058 1926 &copula-

232 1925 347 1996 tionee,
367 1923 397 1986 δι
419 1917 658 1986 adhaelitationes
675 1935 850 2000 atomorum
861 1924 939 1990 inter
951 1929 996 1990 se:
1016 1952 1057 1996 ex

235 2025 300 2088 qno
312 2001 475 2070 efficeretur
489 2005 629 2090 mundus,
651 2008 815 2085 omnelque
829 2020 922 2082 partes
937 2015 1056 2089 mundi,

258 2109 368 2171 uaeque
385 2089 417 2149 in
438 2105 476 2152 eo
497 2080 597 2158 eflent,
642 2085 737 2165 Qae,
750 2104 822 2147 cum
842 2103 886 2150 res
899 2102 964 2152 tota
985 2091 1057 2162 fidia

149 2202 150 2209 κ
235 2107 274 2234 lit
300 2169 464 2252 pueriliter,
485 2178 553 2229 tum
579 2186 617 2230 ne
630 2165 720 2228 efficit
742 2167 861 2247 quidem
876 2173 957 2252 quod
970 2175 1054 2240 volt:

235 2273 310 2318 narn
322 2254 353 2318 δι
370 2251 430 2333 ipsa
441 2248 601 2314 declinatio
622 2248 657 2311 ad
670 2237 822 2324 libidinem
844 2233 967 2332 fingitur
984 2256 1056 2338 (ait
1145 2281 1152 2286 -

233 2338 319 2402 enim
343 2334 490 2400 declinare
514 2345 654 2410 atonum
675 2328 736 2405 fine
758 2328 872 2396 caulla:
901 2352 962 2413 quo
980 2340 1054 2406 nihil

234 2420 350 2498 turpius
364 2413 500 2501 physico,
520 2434 609 2494 quam.
630 2413 699 2486 fieri.
720 2411 780 2478 fine
793 2412 1058 2500 ‚caudaquicquam

218 2502 353 2581 dicere)
374 2499 500 2576 &illum
514 2511 635 2560 motum
647 2497 814 2561 naturalem
823 2501 962 2564 omnium
975 2523 1055 2582 pon-
1159 2563 1162 2570 ,

233 2587 352 2658 derum,
384 2596 419 2646 ut
440 2581 501 2662 ipse
518 2579 686 2656 constituit,
707 2601 724 2644 e
746 2581 868 2659 regione
884 2583 1053 2652 inferiorem
1116 2637 1117 2641 ,

213 2667 340 2732 -locum
349 2665 529 2746 petentium,
551 2658 611 2725 sane
624 2657 720 2726 cauffa
732 2663 840 2742 eripuit
851 2667 975 2740 atomis:
997 2689 1054 2736 nec

233 2763 337 2812 tamen
361 2748 403 2822 id,
425 2745 509 2829 cujus
528 2742 623 2816 caufla
649 2745 710 2807 hoc
737 2743 880 2823 finxerat,
899 2749 1054 2823 adsecutus

233 2829 286 2896 est.
329 2827 414 2892 Narn
442 2825 593 2893 lomnes
618 2829 714 2890 atomi
730 2826 932 2906 declinabunt,
953 2834 1055 2902 nullae
1138 2835 1141 2842 ’

232 2917 380 2995 uniquam
398 2911 625 2976 cohaerescent:
660 2907 719 2973 five
748 2909 820 2974 aliae
847 2911 1053 2997 declinabunt,

231 2997 307 3060 aliae
329 2995 383 3058 suo
409 3007 488 3056 nutu
508 2993 587 3058 reste
606 2992 756 3066 fetentur,
777 2992 909 3072 prImum
922 2997 978 3059 erit
990 2998 1050 3065 hoc

210 3074 312 3160 ,quasi
334 3077 502 3159 provincias
521 3075 629 3140 atomis
645 3075 725 3150 dare,
758 3091 832 3153 quae
849 3075 941 3154 tedio,
974 3075 1063 3163 qnae*
1131 3155 1134 3164 Δ

232 3161 354 3242 oblique
377 3161 524 3224 ferantur:
544 3157 648 3233 deinde
672 3157 775 3221 eadem
791 3156 842 3221 illa
860 3172 1049 3242 atomorum,

230 3244 440 3347 {uquoenam
450 3237 647 3316 Democritus
657 3241 769 3325 haeret,
790 3241 959 3336 turbulenta
958 3266 1050 3392 effi

294 3355 297 3362 ·
378 3385 383 3392 .
1033 3347 1055 3395 ο

1174 3358 1220 3366 a·-
