2742 3909
444 348 501 417 Li
518 361 537 413 a
553 356 571 412 a
588 363 632 423 ιι,
653 346 698 415 V.
949 350 1011 429 189

181 454 323 537 torporis
336 471 383 528 ea,
397 471 472 535 quae
485 451 638 514 diximus:
667 450 774 533 quibus
793 455 915 514 tantum
927 468 1009 529 prae·

185 539 244 602 stat
270 538 380 600 mentis
405 532 553 596 excellent
575 533 731 613 perfee‘iio,
751 545 786 595 ut
811 535 866 594 vix
887 534 1014 611 eogitari

182 616 289 700 poffit,
319 618 390 698 quid
403 613 526 679 interfit.
547 615 645 697 itaque
657 614 758 679 omnis
770 616 881 690 honos,
913 617 1014 679 omnis

184 701 360 773 admiratio,
380 718 475 761 omne
487 696 629 774 studium,
647 699 683 761 ad
698 696 894 772 virtutem&
908 697 944 759 ad
965 718 1015 761 eas

182 783 332 857 actiones,
352 800 427 861 quae
452 781 557 842 virtuti
579 779 649 843 sunt
673 780 902 855 consentaneae,
922 779 1014 843 refer-

183 880 263 930 turz.
276 882 369 947 eaque
392 862 508 938 omnia,
534 879 610 944 quae
629 874 685 925 aut
702 862 743 923 ita
756 864 787 925 in
801 862 907 923 animis
929 862 1013 939 sunt,

181 959 242 1010 aut
262 946 304 1009 ita
317 958 477 1023 geruntur,
507 963 571 1006 uno
585 945 712 1007 nomine
724 942 846 1006 honesta
861 945 1013 1008 dicuntur.

204 1046 319 1091 uorum
333 1027 475 1088 omnium
497 1044 627 1107 quaeque
649 1022 707 1088 fint
721 1025 857 1102 notitiae,
883 1045 1015 1107 quaeque
1082 1064 1083 1071 ι

178 1050 393 1189 (significemur
413 1127 513 1171 rerum
534 1108 697 1181 vocabulis,
727 1124 854 1187 quaeque
874 1106 1015 1190 cujusque

184 1196 252 1267 vis,
269 1191 300 1253 δι
315 1203 422 1255 natura
436 1186 483 1267 srt,
504 1208 580 1252 mox
594 1190 766 1253 videbimus.
837 1212 840 1221 ·

229 1270 346 1335 XXII.
369 1270 463 1335 Hoc
483 1285 584 1335 autem
593 1271 664 1334 loeo
673 1284 795 1335 tantum
805 1270 1012 1353 explicemu33

178 1359 272 1430 haec,
294 1352 418 1418 honesta
432 1373 508 1435 quae
521 1354 601 1428 dico,
622 1365 826 1435 praeterquam
844 1354 927 1435 quod
941 1354 1012 1418 nos·

178 1437 330 1516 metipsos
346 1435 516 1515 diligamus,
550 1448 697 1515 praeterea
718 1436 818 1515 suapte
839 1448 945 1499 natura
960 1456 1014 1518 per

176 1526 213 1587 se
238 1517 298 1583 effe
316 1520 493 1599 expetenda.
525 1518 659 1581 indicant
670 1520 775 1600 pueri:
795 1516 957 1600 inquibus,
977 1532 1013 1585 ut
1074 1518 1076 1523 ’

176 1606 214 1671 in
230 1600 372 1683 speculis,
393 1607 500 1665 natura
513 1600 657 1663 cemitur.
712 1598 838 1683 Quanta
851 1598 943 1663 studia
959 1601 1012 1665 de·

174 1686 370 1751 certantium
383 1681 453 1746 sunt
466 1681 622 1764 doquanta
633 1680 694 1763 ipsa
706 1683 866 1748 certamina
879 1681 891 1744 ἒ
918 1695 954 1745 ur
967 1682 1013 1749 illi

173 1767 355 1833 efferuntur
372 1763 496 1840 laetitia,
525 1764 765 1829 eumvieerint?
794 1776 831 1828 ut
847 1766 938 1846 pudet
962 1765 1010 1828 vi·

171 1847 273 1915 etos?
296 1860 332 1909 ur
345 1846 373 1909 se
390 1846 518 1910 accusari
531 1845 668 1911 nolunt?
690 1864 781 1925 quarn
798 1848 927 1929 cupiunt
945 1846 1013 1911 lau-

173 1934 247 1997 dari
262 1928 275 1993 ἓ
298 1947 376 2009 quos
389 1928 433 1991 ilii
446 1930 560 1993 laborer
571 1947 637 1993 non
649 1928 813 2009 perferunt,
834 1942 870 1993 ut
882 1929 1012 2007 aequali·

172 2034 239 2080 um
261 2013 415 2093 principer
428 2008 512 2076 fint?
531 2029 606 2093 quae
624 2012 770 2077 memoria
781 2010 823 2075 est
840 2013 873 2075 in
895 2011 940 2073 his
959 2012 1011 2077 be·

172 2119 221 2163 ne
238 2090 453 2159 merentium?
483 2112 558 2176 quae
575 2094 739 2159 referendae
760 2092 870 2173 gratiae
895 2094 1012 2173 cupidi·

170 2176 252 2245 tas?
277 2188 369 2258 atque
386 2195 422 2238 ea
442 2175 476 2237 in
495 2176 613 2256 optima
632 2193 748 2257 quaque
764 2174 865 2238 indole
878 2176 1011 2243 maxime

169 2269 339 2345 apparent.
359 2258 392 2319 in
410 2275 471 2338 qua
484 2256 556 2321 haec
569 2256 703 2332 honesta,
718 2274 794 2340 quae
803 2255 1011 2337 intelligimur,

167 2368 193 2411 a
213 2350 371 2407 naturata
424 2357 496 2403 uam
506 2338 732 2414 adumbrantur,
750 2334 800 2405 sed
812 2340 923 2404 mecm
937 2358 1011 2420 pue·

169 2430 217 2491 ris
225 2357 461 2503 exprefffflln
471 2422 507 2485 iis
519 2439 593 2485 vero
603 2422 758 2496 aetatibus,
777 2420 923 2505 quaejam
933 2440 1012 2487 cou-

160 2509 318 2575 firmatae
346 2501 431 2579 sunt,
463 2504 530 2584 quis
555 2503 599 2567 est
623 2515 688 2566 tam
706 2499 851 2567 diffmrilis
878 2504 1011 2581 honuni,

166 2592 229 2673 qui
243 2607 315 2652 non
340 2599 500 2649 moveatur
517 2583 547 2646 aa
565 2582 731 2651 offenfione
753 2586 957 2669 turpitudinis,
979 2584 1011 2651 dt

168 2669 439 2750 comprobatione
451 2665 635 2737 honestatis?
668 2668 735 2749 quis
749 2667 803 2742 est,
823 2670 877 2749 qui
894 2684 961 2732 non
973 2688 1011 2734 o-

168 2755 260 2819 derit
274 2749 478 2823 libidinosam,
499 2762 671 2830 protervam
683 2748 912 2815 adoleseentiam
925 2750 1013 2835 aquis

165 2848 294 2919 contra
313 2832 347 2895 in
359 2831 519 2927 ilia·ae·tate
544 2832 702 2911 pudorem,
722 2832 935 2928 constantiam,
954 2836 1013 2899 eti·
1093 2838 1097 2847 '

167 2940 233 2983 am
257 2913 349 2978 fisua
360 2910 436 3006 nihii
450 2910 578 2988 mterfit,
600 2932 666 2976 non
685 2926 788 2979 tamen
803 2914 927 2997 drlrgat?
949 2918 1014 2995 quis

160 2999 311 3066 Pullum
333 2992 800 3092 Nuuutore·m,‘1·'regellauum,·
814 2999 1023 3077 proditorem,

158 3076 560 3165 quamquamrerpublroee
572 3078 689 3141 nostrae
722 3077 830 3156 rorat,
849 3096 915 3143 non
924 3082 1012 3145 odit?

161 3164 248 3247 quis
267 3160 350 3255 urbia
374 3160 616 3255 conservatorem
635 3158 687 3222 Co
707 3179 788 3236 rum,
863 3160 1013 3227 irErIclr-

158 3241 337 3317 mrfiuas
357 3259 429 3310 non
450 3260 582 3310 mxune
599 3242 719 3307 laudat?
747 3245 798 3311 cui
850 3244 932 3309 ubuh'
952 3265 1012 3307 uo·

941 3350 1011 3398 meo
