2742 3909
360 396 365 401 ·
453 358 628 426 Liuii
669 354 715 421 V’.
961 356 1025 447 ’τᾲς

146 495 151 502 >
176 449 333 532 tineatin
345 463 432 531 rebus
447 462 599 538 humanis,
612 473 649 525 ut
670 459 795 541 reliquas
815 458 949 531 obnuti
971 482 1028 527 au·

181 552 269 613 debo
306 548 399 629 igitur
438 559 548 622 cetera,
591 564 669 627 quae
695 542 859 609 secundum
887 560 1029 611 naturam

176 635 280 707 -sunt,
301 633 381 699 bona
393 628 553 711 ¹appellere,
574 647 631 691 nec
645 627 779 690 fraudare
792 626 846 690 suo
859 628 955 691 veteri
968 648 1029 692 no·

180 716 292 789 mine,
310 731 403 796 quam
414 711 528 793 aliquid
536 712 638 793 potius
650 726 771 773 novum
783 711 949 792 exquirere,
964 713 1027 775 vit·

177 796 266 874 tutis
287 808 390 875 autem
409 812 461 867 am
494 794 642 857 itudinem
656 788 738 873 quasi
765 794 800 854 in
825 792 916 857 altera
938 794 1029 861 librae

177 880 278 945 lanne
295 896 420 959 ponere.
500 895 611 951 ettam,
633 874 707 938 mihi
730 874 826 952 crede,
846 875 980 953 ealanx,
995 878 1027 941 dt

180 961 288 1027 maria
298 962 457 1040 deprimet,
472 958 586 1040 semper
598 958 681 1025 enim
698 976 739 1019 ex
757 976 807 1032 eu,
828 958 911 1041 quod
924 962 1026 1025 maxi·

181 1064 256 1109 mas
271 1055 370 1123 partes
389 1043 541 1117 continet,
565 1038 759 1117 latissimeque
779 1040 927 1118 funditur,
960 1055 1028 1109 tota
1119 1068 1122 1073 ·

177 1139 232 1193 ree
246 1145 286 1206 ap
324 1124 426 1190 llatur.
447 1124 574 1187 dicimus
586 1124 717 1206 aliquem
726 1123 818 1187 hilare
831 1126 943 1191 vivere.
966 1126 1023 1205 igi·

175 1215 251 1285 tur,
307 1206 397 1273 iemel
411 1206 522 1272 tristior
533 1205 658 1271 effeetus
669 1207 725 1286 est,
745 1206 836 1271 hilara
849 1209 913 1271 'vita
924 1206 1026 1275 amida

176 1290 258 1359 esti
281 1290 328 1353 At
342 1290 404 1353 hoc
415 1290 449 1352 in
462 1309 500 1353 eo
514 1286 567 1352 M.
585 1286 704 1365 craffo,
724 1308 817 1371 quem
830 1290 919 1355 semei
937 1293 980 1355 ait
989 1292 1023 1357 in
1143 1335 1146 1352 .

176 1378 253 1441 vita
264 1370 354 1437 rififle
376 1369 527 1449 Lucilius,
550 1390 617 1436 non
633 1371 790 1452 contigit,
811 1384 939 1437 utente
962 1376 1023 1439 mi·

174 1476 245 1522 nus
262 1452 444 1537 epirum
465 1466 501 1516 ut
528 1456 572 1518 ait
584 1454 690 1534 adem,
711 1467 880 1537 vocaretur.
923 1452 1022 1540 Poly-

159 1551 302 1606 mutem
314 1534 452 1599 Samium
464 1533 582 1601 fencem
594 1536 757 1617 appellant.
788 1537 1023 1605 nihilaoeiderat
1182 1592 1185 1599 ,

170 1626 220 1702 ei,
244 1619 332 1705 quod
343 1614 454 1694 nollet,
475 1616 532 1683 nist
543 1621 626 1700 quod
641 1618 783 1696 anulum,
826 1630 877 1683 uo'
890 1620 1019 1687 delessa·
1120 1672 1122 1679 .

171 1709 286 1781 batur,
307 1703 342 1765 in
355 1706 438 1767 mare
450 1699 604 1783 abjecerat.
646 1700 731 1782 Ergo
751 1640 931 1767 inffiixuna
949 1724 1020 1768 mo·

170 1789 287 1855 lestia:
316 1781 392 1848 felix
413 1783 526 1861 rursus,
545 1785 656 1848 cumis
675 1786 735 1865 ipse
752 1784 860 1851 anulus
886 1787 918 1850 in
933 1808 1020 1868 prae·

169 1870 294 1938 cordiis
305 1866 393 1949 piscis
406 1866 549 1931 inventus
563 1867 615 1931 est.
659 1864 718 1931 Ille
727 1866 1017 1951 vero,fiinfipiens:
1090 1888 1095 1901 ·
1136 1864 1141 1871 ’

168 1950 296 2040 (ῳοά
326 1961 420 2024 certe,
454 1950 602 2031 quoniam
625 1950 816 2031 tyrannusz)
850 1970 1020 2035 numquam

173 2042 301 2103 beatus.
325 2029 501 2111 fisapiens:
536 2051 576 2097 ne
594 2043 663 2095 tum
680 2031 804 2113 quidem
822 2034 922 2109 miser,
943 2056 1018 2101 cum

173 2122 217 2185 ab
244 2113 368 2180 Oroete
387 2126 524 2194 praetore
543 2110 640 2180 Darei
655 2113 689 2177 in
702 2122 825 2178 cruc'em
847 2114 931 2179 attus
943 2118 995 2183 est.

146 2207 149 2212 ⁴
219 2194 363 2263 XXXI.
386 2194 825 2261 Aemultismalisaffettus.
870 2196 1018 2281 Qtitne·

147 2339 148 2346 ,
171 2278 262 2368 gat?
293 2279 345 2346 sed
367 2297 404 2342 et
423 2274 510 2343 maia
524 2279 644 2343 virtutis
670 2280 880 2359 magnitudine
907 2281 1018 2349 obrue·

174 2371 309 2433 bantur.
353 2359 408 2423 An
430 2381 471 2427 ne
496 2360 558 2427 hoc
577 2362 699 2444 quidem
717 2360 919 2443 Peripateticis
940 2386 1018 2431 con·

173 2449 274 2522 cedis,
296 2455 335 2508 ut
351 2444 467 2520 dicam,
487 2445 631 2511 omnium
643 2445 782 2519 virorum
801 2445 967 2524 bonorum,
987 2452 1019 2515 id

164 2534 229 2608 est,
242 2528 431 2609 sapientum,
442 2525 645 2608 omnibusque
654 2527 1018 2611 vitmtibueornatorum,

166 2620 276 2682 vitam
289 2607 435 2740 omnigme
448 2607 665 2706 pertibuspuius
681 2608 788 2706 habere
805 2612 920 2707 semper
930 2612 1019 2708 beni,

170 2689 1028 2855 nferis,uitittiduuitttu

146 2861 366 2933 metiuntur,
399 2874 505 2921 nonne
522 2854 670 2932 clamant,
699 2857 825 2937 sapienti
851 2859 918 2939 plus
938 2863 1019 2927 sem-

167 2966 229 3030 per
241 2936 356 3013 adeffe,
377 2938 459 3017 quod
475 2938 561 3014 velit,
595 2954 685 3017 quam
699 2942 779 3017 quod
794 2941 895 3007 nolit?
932 2942 1020 3011 Cum

147 3043 149 3050 ’
169 3040 307 3094 tantum
318 3022 410 3101 igitur
422 3022 457 3083 in
469 3021 582 3085 virtute
596 3034 715 3101 ponant
735 3023 768 3099 ii,
791 3025 841 3102 qui
869 3024 898 3088 se
919 3026 1019 3093 faten-

170 3126 227 3176 tur
247 3104 375 3171 virtutis
392 3103 491 3179 musa,
512 3100 614 3169 nifiea
631 3102 825 3194 voluptatem
833 3109 956 3185 acciret,
978 3128 1019 3176 ne
1094 3115 1098 3121 ’

170 3208 312 3258 manum
324 3186 447 3265 quidem
460 3185 597 3250 versuros
615 3183 717 3251 fuifle:
748 3190 817 3267 quid
844 3189 939 3255 fauere
960 3206 1020 3257 nos

165 3285 318 3358 oportet,
338 3268 390 3348 qui
411 3269 550 3351 quamvis
570 3269 730 3334 minimam
752 3272 847 3339 animi
868 3272 1019 3354 praesten-

941 3358 1019 3424 tiam
