2742 3909
335 344 396 423 ¹4⁸
496 334 562 401 De
585 331 807 419 Frinsson.
830 327 1033 399 uentre.

330 458 539 513 trumentum
551 454 660 518 natura
677 458 734 504 nos
754 438 817 523 ipsa
838 437 1003 505 rmuuura
1033 433 1080 504 fit.
1102 434 1163 507 -ied

333 542 437 595 tamen
461 535 580 600 martam
606 523 674 587 vim
691 521 852 601 honestatis
878 516 948 596 effe,
979 533 1164 600 tantumque

336 609 499 689 umrebus
511 605 651 671 omnbus
664 603 820 689 praestare,
830 603 861 667 δι
871 602 1031 681 excellere,
1047 618 1087 667 ut
1096 601 1166 665 nul·

338 692 375 761 lis
386 711 443 769 uec
459 688 621 771 suppliciis,
641 706 698 753 nec
730 688 847 751 raemiis
859 687 1012 751 demoveri
1028 682 1120 766 possit
1131 701 1166 753 ex

338 795 390 855 eo,
424 772 505 854 quod
526 769 646 836 redium
685 706 740 836 effe
772 770 951 835 decreverit:
990 770 1165 847 omniaque,

340 874 415 937 quae
433 857 520 933 dura,
546 850 686 931 difficilia,
715 852 834 921 adversa
858 852 1033 927 videantur,
1055 871 1090 915 ea
1107 850 1166 913 vir-

337 941 453 1008 tutibus
468 940 517 1016 iis,
536 936 643 1017 quibus
658 942 814 1003 a'natura
834 930 959 1001 effemus
978 935 1093 1011 ornati,
1115 936 1167 997 ob·

340 1023 397 1091 teri
411 1016 504 1105 posse,
526 1038 592 1084 non
603 1018 702 1084 faciles
709 1018 773 1109 illas
791 1018 929 1099 quidem,
950 1036 1007 1083 nec
1028 1031 1167 1081 contem·

337 1106 451 1176 nendas
467 1102 562 1187 (qud
574 1101 657 1167 onim
671 1096 741 1167 eriet
754 1102 786 1177 in
800 1103 914 1165 virtute
923 1099 1073 1165 tanturn?
1086 1098 1098 1181 )
1120 1100 1167 1165 sed

341 1202 379 1264 ut
391 1188 450 1259 hoe
458 1186 672 1270 judicaremus,
697 1204 762 1251 non
778 1180 833 1247 effe
845 1184 879 1247 in
891 1184 937 1247 his
963 1196 1084 1264 partem
1105 1203 1167 1247 ma·

342 1269 461 1348 nimam
473 1265 601 1351 positam
613 1279 669 1330 aut
686 1268 768 1331 beate
786 1279 840 1343 aut
862 1265 948 1329 secus
959 1266 1097 1333 vivendi.
1120 1262 1168 1329 Ad
1215 1266 1217 1299 ¹

344 1352 511 1433 summam,
544 1371 590 1427 ea,
624 1368 699 1429 quae
717 1350 808 1415 Zeno
835 1348 1032 1424 aestimanda,
1063 1349 1093 1413 δι
1121 1349 1169 1411 su·

340 1437 460 1517 menda,
473 1432 515 1519 ⁴&
530 1446 600 1525 apta
606 1428 796 1499 naturaeesse
814 1429 906 1507 dixit,
916 1431 1024 1498 eadem
1038 1430 1082 1495 ilii
1093 1431 1171 1495 bona

339 1518 512 1599 appellant:
532 1529 627 1582 urtam
654 1527 757 1579 autem
782 1514 898 1579 beatam
927 1513 973 1579 illi
994 1534 1077 1592 earn,
1097 1532 1170 1597 quae

339 1600 596 1697 constarerexiis
614 1600 713 1674 robus,
748 1614 818 1677 quas
840 1597 916 1673 dixi,
939 1610 998 1660 aut
1018 1596 1167 1678 piurimis,

337 1678 944 1909 {ibiibii‘iiipmzin‘idssiimsm
957 1681 1173 1845 {iibeffl

362 1857 391 1927 t,
422 1847 452 1913 id
469 1845 571 1924 solum
597 1847 716 1921 bonum
738 1844 886 1927 appellat:
915 1845 1036 1913 beatam
1073 1860 1175 1916 autem

280 1926 284 1935 '
339 1929 435 2000 vitam
460 1948 528 1994 eun
544 1926 651 2011 solam,
672 1946 834 2013 quaecum
855 1928 969 1993 virtute
992 1930 1132 2009 degatur.

386 2005 500 2078 XXII.
523 2009 567 2094 Sr
588 2013 624 2077 de
636 2011 868 2091 redisceptario
891 2021 993 2084 ortet;
1017 2010 1107 2077 nulla
1117 2014 1173 2077 nri·

341 2094 373 2170 hi
388 2111 507 2180 tecum,
526 2093 621 2173 Cato,
641 2092 739 2176 potest
755 2090 852 2159 ess'edi
875 2090 968 2157 enfio,
992 2094 1073 2159 nihil
1087 2095 1129 2161 est
1142 2114 1172 2159 e·

342 2181 424 2255 nim,
444 2180 553 2258 dequo
567 2176 655 2243 aliter
675 2192 711 2241 tu
734 2178 851 2252 sentiar,
871 2188 964 2255 atque
974 2194 1058 2257 ego:
1082 2178 1172 2243 modo

339 2262 540 2338 commutatis
555 2262 663 2345 jverbia
705 2261 779 2349 ipsas
810 2279 855 2329 ret
880 2256 1085 2326 conteramus.
1122 2278 1175 2325 noc

339 2342 401 2409 hoc
414 2342 468 2408 iile
485 2364 552 2408 non
568 2344 660 2407 uidit:
701 2344 749 2409 sed
762 2345 925 2409 verborum
949 2342 1178 2422 magnificentia

341 2418 397 2503 est,
419 2424 746 2509 &gipriadeiediatum
768 2422 916 2505 quisi-ea,
938 2441 1016 2515 quae
1038 2427 1130 2503 dicit,
1139 2428 1178 2491 ita

339 2508 475 2585 sentiret,
500 2523 540 2586 ut,
556 2511 646 2573 verba
657 2506 849 2589 significant3
886 2508 960 2587 quid
982 2508 1067 2575 inter
1090 2528 1176 2584 euru,

336 2593 391 2660 -vel
409 2588 619 2675 Pyrrhonem,
644 2592 694 2656 vel
726 2590 902 2657 Aristonem
935 2587 1112 2661 interesset?
1135 2588 1176 2655 fin

341 2687 448 2755 autern
461 2694 514 2741 eor
528 2695 593 2742 non
607 2676 765 2757 probabat:
786 2672 1008 2752 quidattinuit
1034 2692 1114 2743 cum
1129 2674 1176 2751 iis,

339 2758 519 2841 quibuscum
532 2758 762 2831 reconcinebat,
776 2757 871 2823 verbis
880 2754 1064 2835 discrepare?
1092 2756 1179 2841 Quid

341 2838 561 2906 srrevieiscarn
574 2838 728 2913 Platonici.
747 2838 804 2916 illi,
840 2838 1034 2919 &deinceps
1052 2842 1177 2919 quico-
1215 2872 1216 2891 r

342 2941 416 2992 rum
428 2922 576 3005 auditores
593 2924 731 2999 fuerunt,
754 2922 897 2987 &tecum
916 2921 959 2993 ita
979 2919 1175 3001 loquantur?

245 3032 247 3037 ·
340 3005 414 3072 Nos
431 3022 506 3082 cum
520 3020 562 3080 to,
583 3002 635 3069 Μ,
664 3005 760 3085 Cato,
781 3000 1178 3085 studiofiffimumphiloso·

337 3089 436 3231 siriae,
456 3083 647 3170 inibiffimum
663 3090 779 3163 virum,
798 3084 1117 3169 optimumjudicem,
1129 3106 1177 3151 re·

352 3158 557 3249 rgtourbmum
580 3171 684 3237 testem
701 3171 882 3249 audiremus,
903 3169 1043 3235 admirati
1054 3168 1176 3243 sumus,

337 3251 410 3329 quid
431 3246 520 3344 effer,
545 3270 604 3315 cur-
619 3250 848 3335 npbiestoicoe
869 3250 1044 3347 anteicrrea
1065 3254 1180 3403 quibde

428 3389 432 3395 .
1093 3355 1108 3400 r
1147 3351 1180 3396 us
