2742 3909
358 322 418 381 ηε
521 312 1064 381 DrFrrr.Bou.urMnr.

356 436 439 483 none
452 417 526 480 novi
543 413 580 479 srt
595 415 731 479 allatum.
777 410 862 477 Cum
875 414 959 479 enim
973 414 1153 493 superiores,
1171 431 1184 479 e

358 500 463 583 quibus
489 496 653 578 planissime
678 494 820 571 Polemo,
855 496 1020 559 secundum
1048 514 1184 564 naturam

356 584 470 655 vivere,
485 581 639 645 summum
652 581 769 643 bonum
785 574 842 642 elle
853 575 1006 654 dixillent,
1026 578 1074 643 his
1097 587 1184 659 verb'u

358 667 415 728 trin
428 662 585 745 significari
598 662 693 726 Stoici
709 662 831 724 dicunt:
853 680 953 725 unum
969 661 1133 744 ejusmodi,
1144 668 1182 729 ri·
1211 712 1212 727 r

359 766 430 813 vere
459 747 648 813 adhibentem
670 744 825 811 scientiam
841 761 1081 821 rerumrerum,
1118 767 1184 829 quae
1211 740 1212 765 ¹

361 844 468 895 natura
493 830 660 894 evenirent.
704 827 788 889 hunc
812 826 911 906 ipsum
938 826 1081 893 Zenonis
1105 830 1185 911 ajunt

361 913 459 979 linem
481 909 549 989 elle,
571 910 771 977 declarantem
791 904 880 983 illud,
901 910 985 992 quod
999 924 1060 975 ate
1073 912 1185 976 dierum

361 997 416 1073 eit,
437 994 652 1060 convenienter
674 1001 797 1056 naturae
821 986 931 1056 mere.
974 991 1122 1058 Alterum
1134 992 1185 1076 fig·

363 1078 485 1146 nificare
496 1078 589 1153 idem,
610 1090 646 1141 ut
664 1071 686 1137 fi
706 1074 863 1149 diceretur,
886 1070 984 1139 officia
996 1078 1104 1145 omnia
1127 1098 1185 1142 ore

308 1211 311 1215 -
361 1167 422 1239 dia,
442 1174 495 1225 aut
515 1159 653 1239 pleraque
666 1156 845 1231 servantem,
866 1156 978 1221 vivere.
998 1157 1060 1221 hoc
1081 1158 1122 1223 lic
1134 1180 1186 1224 ex·

361 1244 495 1329 politum
509 1238 643 1305 diffimile
661 1238 704 1303 est
717 1239 867 1319 superiori.
887 1238 962 1303 illud
973 1240 1060 1307 enim
1072 1241 1185 1305 redium
1209 1270 1210 1279 κ

361 1330 416 1406 est,
435 1321 703 1473 products-tm
722 1320 847 1417 dicebas,
875 1323 1091 1418 contingitque
1116 1324 1185 1470 [ἓξ

361 1411 427 1477 enti
453 1407 517 1473 oli:
551 1409 611 1471 hoc
633 1420 737 1468 autem
757 1402 891 1469 inchoati
917 1405 1072 1487 cujusdam
1101 1427 1122 1471 0
1168 1410 1184 1471 ii

362 1494 419 1569 est,
439 1511 505 1557 non
527 1484 674 1572 perfoffl3
695 1485 777 1564 quod
789 1483 891 1552 cadere
909 1488 942 1550 in
957 1488 1131 1555 nonnullos
1142 1492 1184 1554 in·

252 1616 257 1628 .
361 1576 499 1658 fipientoe
510 1570 618 1653 potest.
638 1570 1047 1649 tertiumautem,omuibus,
1060 1587 1115 1637 aut
1127 1592 1184 1635 mn⁴

364 1660 456 1723 xlmis
482 1658 568 1725 rebus
601 1650 929 1734 iiuquaersecundum
955 1666 1099 1719 naturam
1120 1653 1183 1732 fint,

364 1741 527 1812 fruentem,
538 1737 649 1798 vivere.
683 1736 745 1798 hoc
764 1734 883 1799 nonest
897 1732 1030 1817 pofitum
1043 1738 1077 1801 in
1092 1739 1184 1803 nollrr

246 1844 253 1865 ⁴
362 1821 493 1886 anione.
514 1816 685 1897 completur
703 1816 830 1881 enim&
851 1837 892 1883 ex
906 1836 944 1882 eo
966 1836 1076 1898 genere
1099 1821 1185 1895 vitre,

363 1904 447 1989 quod
459 1904 572 1968 virtute
587 1899 709 1977 fruitur,
731 1898 862 1964 &exiis
879 1900 977 1977 rebus,
997 1920 1075 1983 quae
1085 1902 1184 1967 secuu-

364 1990 440 2052 dum
459 1997 600 2051 naturam
618 1982 702 2058 sunt,
724 2000 820 2064 neque
844 1983 915 2051 sunt
929 1984 963 2047 in
976 1984 1080 2049 nostru
1103 1998 1184 2067 pore·

365 2073 448 2136 state.
491 2066 548 2133 Sed
570 2067 630 2131 hoc
656 2065 810 2129 summum
836 2068 966 2143 bonum,
995 2069 1079 2149 quod
1109 2070 1184 2134 tenir

364 2151 582 2236 significatione
606 2148 799 2228 intelligitur,
830 2167 922 2233 eaque
946 2147 1023 2226 vita,
1052 2168 1132 2233 quae
1151 2168 1184 2215 ex

364 2238 487 2302 summo
508 2236 592 2297 bono
613 2232 743 2310 degitur,
763 2230 833 2313 quia
854 2228 1020 2317 conjuneu
1048 2235 1076 2297 ei
1099 2236 1186 2298 virtu

366 2319 420 2395 est,
440 2319 477 2389 in
487 2316 649 2397 sapientem
662 2313 763 2377 solum
787 2312 888 2377 cadit:
914 2314 997 2395 isque
1010 2312 1081 2381 finis
1092 2318 1185 2381 bono

363 2421 459 2477 rum,
469 2413 505 2465 ut
521 2400 556 2463 ab
568 2394 635 2478 iplis
647 2392 756 2461 Stoicis
767 2392 912 2479 ¹scriptum
924 2396 1076 2475 videmus,
1096 2398 1186 2464 aXe

363 2476 489 2549 noc'rate
501 2495 590 2564 atque
610 2479 647 2542 ab
662 2478 825 2543 Aristotele
837 2478 1019 2545 constitutus
1030 2481 1086 2546 est.
1131 2480 1186 2546 Irr-

363 2588 423 2652 que
442 2565 531 2631 ab'lris
542 2561 720 2631 constitutio
733 2561 785 2625 illa
802 2560 899 2643 prima
912 2572 1031 2641 namra,
1052 2582 1146 2647 aqua
1157 2578 1185 2627 ru

264 2653 278 2668 ''
362 2666 482 2733 quoque
520 2645 681 2722 ordiebare,
731 2644 777 2716 his
799 2662 894 2728 prope
923 2645 1020 2711 verbis
1064 2648 1188 2729 exponi-

361 2744 424 2797 tur.
870 2733 871 2745 ¹
966 2738 971 2751 '

405 2810 484 2879 Vll.
507 2810 663 2878 ΟΜΝΗ
692 2820 799 2877 natura
815 2804 884 2877 vult
910 2806 966 2877 effe
983 2812 1186 2879 conservatrix

363 2900 421 2978 sui,
441 2909 478 2966 ut
499 2896 530 2961 δι
552 2894 633 2964 salva
650 2892 701 2973 fit,
739 2892 769 2959 δι
800 2892 832 2957 in
864 2912 973 2981 genere
996 2896 1187 2963 conservem

361 2987 427 3048 luo.
448 2978 583 3047 adhunc
607 2998 673 3047 rem
695 2976 783 3061 ajunt
805 2990 880 3042 arter
893 2994 1015 3059 quoque
1029 2976 1186 3062 requifinr,

360 3086 437 3148 quae
461 3078 600 3129 naturam
617 3062 810 3145 adjuvarent:
831 3061 864 3124 in
876 3061 980 3139 quibus
1002 3084 1038 3128 ea
1055 3078 1187 3127 numere·

362 3151 469 3213 turin
491 3147 607 3227 primis,
657 3164 713 3207 uae
733 3143 774 3205 ell
796 3143 917 3208 vivendi
936 3161 995 3220 ars,
1018 3158 1056 3211 ut
1075 3156 1186 3209 tueatur

359 3232 442 3312 quod
462 3249 480 3294 a
502 3240 611 3313 nature
631 3163 737 3295 datum
750 3222 821 3289 stt:⁸
839 3225 921 3317 quod
938 3222 1026 3306 defit,
1046 3228 1186 3373 ᾓὲῳιῆηῐ,

1047 3326 1187 3390 nemque
