2742 3909
469 380 634 454 Lam
677 382 723 452 V.
816 405 822 417 ·
968 406 1032 453 ,aar
1132 469 1135 479 ι

194 483 274 569 qui(
286 504 368 560 rere,
382 482 510 561 frisone,
522 480 752 567 quaereremus)
772 484 881 549 dicitur
890 482 986 555 oculis
998 484 1042 575 se,

198 566 349 650 privail'e:
377 566 458 633 cer're
471 581 612 653 utquam
630 568 758 633 minime
776 568 926 643 animosa
953 569 1039 646 cogi-

197 651 367 717 tationibus
393 650 619 726 abduceretur,
636 650 858 730 patrimonium
879 650 1038 732 neglexit:

195 750 288 811 agros
303 733 428 802 deseruit
451 733 598 809 incultos,
617 734 691 814 quid
709 751 851 814 quaerens
867 732 960 809 alind,
983 732 1038 819 nist

196 817 428 902 berrennam
442 814 453 878 l
476 812 603 899 quamdi
619 816 713 879 etiarn
727 818 758 880 in
771 834 872 882 rerum
881 817 1037 897 cognitio.

198 919 241 963 ne
265 899 410 979 ponebat,
454 911 559 963 tamen
582 916 622 963 ex
645 898 953 979 illainvestigatione
981 919 1037 965 na-

198 994 286 1048 turae
304 980 450 1062 consequi
469 979 604 1057 volebat,
616 993 661 1068 ¹nt
683 977 753 1045 ell‘et
771 983 855 1047 bono
868 982 983 1048 animo.
1005 980 1036 1045 id

195 1066 284 1129 enim
309 1061 361 1126 ille
386 1063 541 1129 summurn
565 1062 699 1141 bonurn
732 1062 878 1145 ellopiae,
900 1064 930 1129 dt
953 1064 1036 1146 saepe

197 1141 350 1235 etanta
370 1146 513 1229 appellat,
547 1146 578 1209 id
594 1146 652 1222 est,
671 1147 812 1213 animum
828 1158 939 1212 terrore
961 1147 1047 1213 libe-1

195 1245 280 1292 rum.
324 1225 381 1293 Sed
414 1231 487 1296 haec
502 1224 556 1296 etfi
580 1229 743 1309 praeclare,
771 1230 914 1295 nondum
932 1243 1036 1305 tamen

201 1308 234 1375 dr
254 1310 414 1391 perpolita.
440 1332 535 1395 pauca
561 1312 657 1389 eninr,
701 1330 805 1395 neque.
819 1332 853 1377 ea
879 1314 939 1395 ipsa
958 1334 1035 1380 entr-

197 1391 346 1459 cleate'ab
358 1395 432 1473 hoc,
453 1394 490 1461 de
507 1395 621 1463 virtute
636 1395 771 1478 quidem,
792 1393 881 1461 didla.
911 1397 977 1479 post
1001 1418 1035 1463 e·

199 1476 268 1541 nim
292 1476 365 1543 haec
379 1480 413 1543 in
435 1478 578 1542 hacurbe
600 1480 766 1557 primuma
786 1475 908 1547 Socrate
935 1481 1035 1559 quaeri

198 1570 330 1638 ¹coepta:
364 1561 471 1625 deinde
481 1560 515 1625 in
528 1561 614 1625 hunc
632 1559 739 1625 locum
756 1560 852 1625 delata
865 1562 944 1631 sunt.
976 1582 1034 1629 nec

199 1642 386 1720 dubitatum,
415 1644 492 1726 quin
505 1644 538 1706 in
551 1643 790 1729 rirtuteornnis,
821 1656 858 1711 ut
877 1646 965 1721 bene,
993 1644 1035 1711 fic

147 1797 148 1800 ,
196 1724 293 1791 etiam
313 1728 397 1791 beate
423 1725 544 1793 vivendi
565 1724 629 1805 spes
653 1740 828 1807 poneretur.
857 1746 933 1809 quae
959 1747 1035 1795 cum

199 1806 294 1875 Zeno
316 1804 488 1890 didieiffeta
509 1807 637 1879 nostrie:
652 1822 688 1873 ut
709 1812 742 1873 in
763 1807 930 1877 aelionibus
950 1830 1035 1891 prae·
1080 1874 1086 1885 .

196 1890 283 1974 scribi
295 1891 387 1967 solet,
407 1892 444 1956 de
463 1910 497 1955 re
517 1892 621 1955 eadem
638 1892 710 1958 fecit
732 1892 793 1957 alio
809 1895 913 1959 modo.
947 1892 1035 1965 ⁴Hoc

186 1972 239 2042 ‘to
258 1994 346 2062 nunc
369 1975 402 2038 in
420 1972 476 2039 illo
498 1972 615 2053 probas.
671 1972 793 2039 Scilicet
810 1975 964 2041 vocabulis
987 1996 1036 2043 re-

185 2075 270 2123 rum
284 2057 423 2135 mutatis,
451 2055 672 2121 inconstantiae
691 2058 806 2125 crimen
833 2057 885 2125 ille
913 2058 1035 2140 effugit,

198 2159 259 2214 noa
275 2137 408 2222 effugere
422 2157 488 2205 non
498 2134 688 2220 pollonus?
720 2136 778 2203 Ille
802 2137 925 2211 Metelli
938 2145 1035 2211 vitam

199 2236 294 2303 negat
325 2223 502 2299 beatiorem,
514 2241 607 2304 quam
629 2218 762 2303 Reguli:
792 2227 1033 2305 praeponendam

196 2318 327 2392 tamen:
349 2324 406 2371 nec
433 2306 528 2387 magis
545 2306 761 2385 expetendam,
791 2306 839 2373 sod
853 2310 872 2341 ·'
936 2310 959 2373 is
984 2310 1033 2377 su·

199 2389 368 2457 mendam:
390 2388 434 2463 dr,
450 2387 471 2453 fi
489 2388 578 2469 optio
592 2384 677 2471 effet,
698 2388 867 2471 eligendam
936 2392 1032 2473 etelli,

197 2471 390 2555 rejiciendam
407 2470 531 2553 Reguli·
556 2464 640 2551 Ego,
659 2490 753 2551 quarn
773 2472 825 2537 ille
844 2492 1033 2555 praeponen-

200 2557 287 2631 dam,
303 2554 335 2620 δι
350 2558 443 2636 magis
459 2555 643 2635 eligendam,
654 2552 821 2627 beatiorem
838 2557 916 2621 hanc
929 2559 1034 2641 appel·

196 2638 231 2704 lo
246 2658 256 2701 e
279 2637 417 2716 necnllo
431 2638 562 2701 minimo
577 2640 739 2703 momento
753 2638 862 2719 plurei
885 2640 964 2705 vitae
978 2644 1033 2707 tri·
1153 2696 1162 2717 ,

198 2719 277 2801 bno,
298 2738 392 2803 quarn
413 2718 517 2787 Stoici.
548 2718 789 2815 odelinam,
812 2720 866 2789 nifi
880 2725 961 2804 quod
974 2744 1034 2806 ego

197 2822 244 2872 rea
268 2817 359 2867 notas
381 2804 572 2869 notiaverbrn
597 2803 735 2882 appello:
767 2803 812 2869 ill-i
830 2806 956 2870 nomina
971 2828 1031 2873 no-

159 3066 163 3078 ·
194 2989 331 3132 gaietem?
355 2989 484 3118 ¹1i'liul'et':
506 2987 1032 3136 stcistiprerrobiscurtrlrin'tecipretean-⁴
1112 3100 1118 3109 Α

195 3136 297 3209 diendi
332 3146 403 3201 unt.
426 3132 545 3215 bonum
556 3134 692 3217 appello,
713 3136 853 3235 quidquid
867 3138 1032 3207 secundum

195 3230 341 3284 naturam
353 3217 419 3283 est:
439 3219 522 3301 quod
535 3230 657 3292 contra,
676 3220 813 3287 malum:
834 3242 891 3289 neo
911 3240 970 3303 ego
982 3222 1039 3287 [οω

196 3298 261 3427 lut:
284 3300 380 3374 iedtu
394 3302 503 3395 ettam,
525 3297 709 3385 chryfippe,
729 3304 762 3369 in
781 3304 866 3391 foro,
885 3308 1047 3458 doffi}
