2742 3909
342 352 403 420 ret
477 346 814 444 “DuFrmBom
837 356 1035 431 arMnr.

335 451 536 534 Peripateticis
552 451 799 531 controversiam,
832 456 880 521 sed
901 464 1072 531 nominum.
1096 468 1153 531 ml·

334 534 367 598 hi
381 548 483 601 autem
495 535 570 601 nihil
587 548 649 599 tam
659 536 848 617 perspicuum
857 540 987 623 videtur,
1000 567 1091 630 quam
1101 552 1152 617 han·

334 618 494 682 sententias
511 637 619 683 eornm
636 618 888 699 philosophorum
897 643 931 691 re
951 629 1032 696 inter
1051 632 1154 717 sema·¹

357 702 393 775 ie,
406 713 498 780 quam
510 702 606 765 verbis
628 699 773 770 diffidere:
793 702 939 786 majorem
952 711 1055 777 multo
1073 716 1147 781 inter

334 716 466 858 grobos,
483 781 514 847 tt
528 780 849 864 Peripatetieosrerum
862 786 975 873 elleajo
985 795 1149 879 discrepan-

328 866 421 941 tiam,
446 884 537 949 quam
559 864 730 931 vanorum.
753 868 864 949 quippe
879 890 953 937 cum
967 873 1149 959 Peripatetici

331 948 453 1024 omnia,
472 966 548 1031 quae
564 942 617 1029 ipfi
628 948 709 1017 bona
720 950 884 1030 appellant,
895 959 1043 1036 pertinere
1051 963 1149 1029 dicant

331 1032 369 1093 ad
380 1032 463 1097 beate
479 1032 666 1115 vivendum:
695 1030 788 1094 nomi
809 1050 896 1115 tero,
911 1036 996 1121 quod
1015 1042 1147 1109 aestima·

329 1114 417 1179 tione
434 1112 567 1177 omnino
581 1114 679 1197 aliqua
697 1111 824 1193 dignum
836 1115 886 1197 tit,
905 1124 1073 1206 complesti
1082 1130 1147 1195 bes·

331 1206 396 1260 tam
415 1196 511 1259 vitam
522 1207 647 1277 putent.-

372 1274 469 1342 ΧΙΙΙ.
491 1276 521 1338 A
532 1296 555 1340 u
573 1297 647 1347 veto
661 1278 772 1344 certius
783 1280 946 1365 quidquam
968 1289 1066 1369 potest
1078 1288 1144 1368 elle,

330 1376 421 1439 quam
433 1360 558 1423 illorum
570 1356 778 1453 ratione,'qui
791 1365 931 1432 dolorem
946 1370 980 1433 in
994 1373 1080 1437 malis
1090 1394 1144 1464 po·

326 1455 425 1518 nunt,
447 1444 513 1518 nfon
547 1440 629 1525 poue
653 1444 816 1528 sapientem
841 1448 962 1515 beatum
980 1452 1050 1531 efl'e,
1076 1477 1144 1524 cum

328 1526 434 1592 eculeo
454 1524 651 1605 torqueatur?
670 1543 909 1608 commutem,
940 1537 993 1614 qui
1009 1536 1145 1606 dolorem

329 1606 361 1669 in
375 1607 461 1673 malis
474 1606 669 1687 nonhabent,
693 1612 769 1674 ratio
790 1625 870 1677 certe
881 1618 979 1697 cogit,
1002 1622 1049 1685 uti
1060 1623 1094 1686 in
1107 1642 1145 1687 o·

328 1692 448 1754 mnibus
457 1691 814 1757 tormentiaconservemr
822 1696 905 1759 beata
926 1701 989 1765 vita
1010 1704 1143 1784 sapienti.

328 1768 452 1835 Etenim
474 1768 626 1836 fiedolores
647 1773 766 1839 eosdem
779 1777 963 1844 tolerabilius
980 1787 1143 1865 patiantur,

369 1853 551 1933 iexcipiunt
572 1869 622 1919 eos
642 1872 700 1935 pro
722 1860 828 1937 patria,
853 1878 942 1941 quam
965 1867 1016 1945 qui
1032 1867 1143 1935 leviore

325 1872 481 2009 iimina:
501 1935 608 2017 opinio
620 1936 704 2013 facit,
724 1958 789 2005 non
810 1956 927 2023 natura,
947 1949 1014 2012 vim
1032 1951 1143 2017 dolot'u

323 2030 378 2083 aut
405 2016 569 2095 ma'orem,
581 2033 636 2084 aut
648 2022 809 2088 minorem.
852 2025 906 2091 Ne
927 2028 1002 2093 illud
1023 2036 1151 2116 quidem·

312 2100 367 2179 est
379 2037 627 2178 conbntaneum,
648 2117 697 2179 ut,
711 2101 746 2181 fi,
766 2126 839 2172 cum
850 2109 909 2172 tria
919 2126 1029 2192 genem
1043 2117 1153 2183 bonos

321 2194 394 2251 tum
415 2182 486 2261 rint,
548 2187 790 2253 aesentenuaest
802 2188 1085 2276 Peripateticorum,
1106 2222 1143 2266 eo

252 2272 258 2279 '
322 2266 437 2331 beatior
454 2266 506 2353 qu‘
541 2265 640 2345 uesrt,
656 2286 721 2351 quo
734 2267 771 2335 fit
790 2275 937 2354 emporia,
962 2293 1016 2343 aut
1038 2295 1143 2348 exter·

209 2378 211 2382 ·
323 2351 372 2413 nia
389 2348 478 2413 bonis
489 2348 620 2431 plenior,
639 2358 679 2413 ut¹
692 2353 755 2423 hoc
774 2354 854 2419 idem
866 2360 1095 2439 approbandum
1109 2362 1144 2429 lit

307 2432 423 2511 nobis,
445 2431 549 2514 utqui
574 2432 659 2515 plura
666 2432 785 2513 babeat,
802 2453 879 2516 quae
890 2441 1064 2525 incorpore
1077 2468 1150 2511 nne

322 2517 378 2595 gni
399 2514 603 2590 aestimantur,
625 2513 662 2580 fit
686 2518 810 2587 beatior.
832 2520 877 2587 iili
895 2524 981 2601 enim
1005 2533 1142 2609 corporis

320 2598 491 2663 commodis
503 2597 754 2679 complerivitam
766 2602 881 2666 beatam
893 2619 1024 2684 putant:
1046 2614 1141 2679 nostri

319 2678 395 2745 nihil
420 2680 532 2745 ninus.
551 2698 624 2745 narn
649 2700 722 2747 cum
748 2684 936 2763 triplicant,
970 2708 1011 2754 ne
1030 2710 1140 2760 eorum

316 2761 438 2850 qrtidem
459 2760 625 2840 bonorum,
646 2782 721 2849 quae
733 2784 791 2832 noe
805 2766 889 2832 bona
901 2778 1140 2858 naturaeappel·

318 2846 426 2921 temus,
446 2843 610 2927 frequentia
625 2847 789 2913 beatiorem
796 2850 893 2915 vitam
915 2850 991 2930 fieri,
1010 2872 1066 2923 aut
1074 2880 1141 2923 ma·

317 2931 362 3009 εἰς
384 2926 593 3010 expetendam,
613 2942 665 2995 aut
683 2930 780 3009 plutio
799 2934 1038 3014 aestimandam
1058 2956 1141 3009 certe

315 3014 417 3076 minus
435 3010 478 3074 'ad
491 3010 607 3074 batam
626 3011 722 3076 vitam
736 3015 865 3093 pertinet
876 3017 1049 3087 multitudo
1067 3043 1141 3097 cnr·

313 3095 395 3175 poris
415 3090 661 3157 commodorum.
704 3092 858 3163 Etenim'li
872 3091 904 3164 bt
917 3100 1027 3183 sapere,
1041 3124 1141 3190 expe·

312 3174 441 3243 tendum
450 3172 537 3249 sm&
548 3175 667 3241 valere:
686 3177 886 3261 conjuntftum
897 3192 1140 3269 utmmquema·

313 3258 361 3351 gis
380 3255 587 3338 expetendum
611 3254 668 3342 tit,
680 3278 774 3361 quatu
796 3262 894 3348 sapere
905 3265 1018 3347 solum,
1039 3288 1141 3355 nque

294 3386 301 3395 ·
1019 3362 1139 3435 tunuli»
