2742 3909
231 344 286 358 ..
360 282 425 351 ¹44
520 266 1056 337 nittenowe-Mai.

354 373 410 436 tibi
431 369 507 437 istud
528 372 703 448 concedere,
728 371 778 451 qui
792 371 828 433 ad
843 362 1028 435 honestatem
1041 368 1158 433 aliudtd

351 453 497 541 jungant,
517 456 601 537 quod
613 472 652 518 ex
666 453 771 516 eodem
787 470 895 533 genere
907 474 971 517 non
986 452 1045 516 stt?
1078 451 1158 516 Placet

355 535 448 617 igitur
459 536 525 611 tibi,
548 535 643 610 Catu,
663 554 736 601 cum
749 555 793 601 res
807 536 961 619 sumpseris
972 556 1039 602 non
1057 537 1157 603 conces-

356 620 413 695 sae,
433 636 475 682 ex
489 618 549 683 illis
560 615 672 683 efficere
685 619 766 709 quod
780 618 874 681 velis?
898 617 970 699 Jam
995 619 1045 685 ille
1068 620 1158 692 sorite,

356 718 419 781 quo
431 699 508 764 nibil
527 702 639 782 putatis
653 697 710 765 elle
728 698 874 777 vitiosius,
897 700 993 785 Qtod
1007 698 1161 774 bonumir,

357 784 390 849 id
401 780 459 848 effe
472 783 623 865 optabile:
653 783 735 864 quod
759 786 904 864 optabile,
924 784 954 847 id
975 781 1030 849 effe
1042 799 1162 865 expetet·

355 868 451 963 dum:
472 867 556 950 quod
566 866 785 963 expetendum,
807 866 969 932 laudabile:
1000 868 1100 932 deinde
1111 864 1162 929 reli

353 948 624 1128 lanitiis
638 946 1165 1115 nilnlln‘tiltnlilltll

357 1112 416 1183 effe
428 1114 580 1181 laudabile.
628 1110 713 1177 Illud
726 1133 799 1178 vero
816 1116 943 1181 minime
954 1113 1164 1206 conscentium,

357 1200 453 1267 sedin
465 1199 569 1279 primis
581 1197 679 1275 hebes,
709 1195 834 1286 illorpm
855 1197 1050 1279 gloriatione·
1063 1198 1165 1278 dignam

357 1278 416 1347 effe
428 1282 544 1345 beatam
558 1281 667 1355 vitam,
688 1282 771 1363 quod
788 1300 853 1345 non
863 1278 951 1361 poffit
967 1277 1031 1345 stne
1049 1278 1168 1367 honesta:

358 1377 391 1428 te
403 1364 592 1447 contingere,
614 1361 725 1444 utjute
742 1362 897 1445 quisquam
918 1363 1077 1445 glorietur.
1111 1359 1171 1445 ,Da-¹

357 1448 404 1515 bit
413 1447 475 1523 hoc
493 1446 621 1513 Zenoni
633 1444 807 1522 Polemon;
836 1448 927 1511 etiam
948 1446 1087 1528 magister
1109 1444 1168 1529 eius,

305 1611 309 1616 .
360 1530 473 1598 &tota
488 1529 540 1594 illa
557 1549 643 1611 gens,
665 1526 695 1591 δι
715 1528 835 1611 reliqui,
852 1530 904 1612 qui
917 1529 1068 1593 virtutem
1086 1526 1168 1592 omni·

360 1615 415 1681 bus
427 1615 513 1678 rebus
531 1614 632 1677 multo
648 1615 878 1693 anteponentes,
908 1611 1081 1696 adjungunt
1101 1613 1168 1676 ein·

360 1714 433 1761 men
449 1694 560 1775 aliquid
572 1694 693 1759 summo
706 1695 739 1758 in
760 1696 843 1759 bono
866 1692 1012 1777 finiendo.
1057 1692 1088 1758 Si
1105 1696 1170 1759 enin
1196 1694 1197 1709 ¹

357 1778 468 1853 virtus,
481 1776 571 1855 digna
588 1776 629 1841 est
649 1777 843 1859 gloriatione,
872 1790 908 1841 ut
924 1778 979 1856 est,
1008 1791 1171 1859 tantumque

353 1856 1172 2025 'tbbinltlltllnliltlllldisimilis

908 1987 919 2021 a
1163 1982 1171 2016 r
1200 1999 1201 2007 κ

359 2047 419 2095 nec
433 2039 534 2091 tamen
548 2025 622 2090 illud
642 2028 697 2091 tibi
713 2026 871 2105 concedet,
892 2038 1006 2107 praeter
1029 2026 1172 2100 virtutem,

360 2108 437 2175 nibil
450 2110 483 2175 in
498 2110 585 2174 bonis
599 2104 655 2175 effe
667 2110 839 2175 ducendum
854 2130 861 2172 :
881 2110 926 2189 illi
943 2112 1063 2188 autem,
1085 2110 1175 2193 quibus

359 2193 516 2262 summum
546 2193 664 2256 bonum
688 2189 749 2257 fine
770 2188 893 2277 vittdte'
907 2192 963 2271 est,
986 2212 1055 2257 non
1079 2194 1178 2257 dabunt

357 2272 490 2352 sortasse,
510 2276 606 2339 vitam
618 2277 735 2339 beatam
747 2272 871 2350 habere,
892 2272 998 2357 inquo
1013 2274 1086 2359 jure
1104 2270 1182 2357 polit

359 2355 494 2438 gloriari.
525 2353 578 2422 etl
597 2356 642 2422 illi
665 2358 786 2440 quidem
809 2360 900 2423 etiam
920 2358 1098 2441 voluptates
1120 2356 1182 2421 faci·

358 2450 421 2506 unt
432 2440 586 2506 interdum
608 2440 761 2521 gloriosas.
804 2436 896 2505 Vides
911 2442 1015 2522 igitur,
1048 2453 1081 2506 te
1094 2455 1183 2507 autu

260 2595 264 2603 ,
358 2522 486 2609 sutnete,
505 2540 581 2608 quae
596 2542 664 2587 non
678 2524 897 2602 concedantur,
925 2537 979 2589 aut
1001 2543 1051 2602 ea,
1072 2543 1184 2609 quaec·

359 2610 435 2675 tiam
445 2602 593 2683 conceda,
613 2618 645 2670 te
658 2606 733 2671 nihil
741 2607 863 2691 juvent.

403 2688 500 2754 XIX.
523 2687 620 2775 Eoo
636 2708 646 2749 t
662 2706 686 2750 n
699 2706 718 2751 n
730 2710 759 2754 M
782 2692 813 2753 in
831 2689 974 2755 'omnibus
990 2687 1051 2753 istis
1064 2690 1186 2755 conclu·

358 2764 490 2838 fionibus
514 2773 574 2837 hoc
591 2785 730 2868 putarem
757 2771 960 2855 philosophia,
975 2772 1122 2857 nobisque
1148 2770 1188 2833 di·

239 2870 243 2878 ·
277 2896 283 2901 .
358 2872 470 2945 gnum,
493 2853 687 2934 damarum,
718 2876 789 2920 curn
804 2857 959 2922 summum
971 2855 1190 2939 bonumquac·

356 2956 501 3022 teremuS,
511 2937 607 3001 vitam
621 2938 765 3015 nostram,
781 2936 916 3015 confilia,
925 2936 1116 3013 voluntates,
1130 2954 1190 3001 non

359 3024 450 3107 uerba
460 3020 582 3101 corrigi.
603 3023 668 3103 quis
681 3022 768 3085 enim·
783 3020 880 3103 potest
902 3020 975 3097 istis,
995 3039 1073 3103 quae
1094 3034 1138 3097 te,
1159 3030 1192 3083 ut

357 3104 413 3181 ais,
426 3100 587 3179 delectant,
608 3104 754 3183 brevibus,
767 3103 916 3182 bracatis,
937 3102 1056 3179 auditis,
1078 3102 1116 3166 de
1128 3103 1192 3167 sen·

338 3202 341 3208 ·
357 3186 453 3249 tentia
466 3184 630 3254 decedere?
651 3183 753 3265 Nam,
764 3206 836 3250 cum
847 3206 881 3252 ea
896 3183 1045 3267 speciant,
1061 3185 1194 3343 &affl

1081 3287 1120 3329 au

1062 3609 1201 3660 n—-l
