2742 3909
492 288 569 375 ‘Lr
584 312 604 357 a
619 308 676 358 ει
717 289 761 370 V.
1009 302 1067 379 165

229 389 434 474 philosopho,
454 390 582 472 gravitas
593 389 627 454 in
648 408 686 455 eo
700 390 847 456 nonfuit.
867 388 974 473 scripta
992 393 1090 459 sano.

230 472 264 534 δι
278 472 389 555 multa,
404 474 435 537 δι
448 472 562 555 polita:
581 472 630 536 scd
642 472 742 536 nescio
755 490 817 553 quo
829 471 918 553 padio
931 472 1064 540 auctori-

224 567 327 620 tatem
339 559 438 620 oratio
451 554 626 626 nonhabet.
668 546 823 637 Praetereo
834 556 960 635 multos,
970 557 1003 620 in
1015 558 1062 621 his
1080 588 1083 591 ·

224 636 359 701 doctum
369 637 702 724 hominem,&suavem
711 635 954 723 Hieronymum:
967 659 1060 722 quem

222 718 294 801 jam
307 740 362 784 cur
388 719 619 803 Peripateticum
639 718 801 799 appellem,
823 720 933 794 nescio,
975 723 1059 787 sum·
1153 741 1159 756 ·

226 800 320 866 mum
345 804 429 884 enim
447 805 563 876 tronum
576 802 728 895 exposuit,
761 805 942 881 vacuitatem
968 804 1059 869 dolo-

229 886 282 948 ris.
305 886 358 981 qui
382 899 486 949 autern
510 887 547 949 de
559 887 679 967 summo
691 883 776 951 bono
793 882 934 962 dissentit,
956 888 992 957 de
1006 903 1057 951 to·-

227 980 260 1029 ta
273 966 481 1049 plnlosophiae
504 969 621 1032 ratione
636 964 775 1046 dissentit.
819 966 974 1033 Critolaus
985 970 1056 1053 imi-

223 1053 283 1113 tari
296 1054 361 1115 anti
380 1070 437 1122 uos¹
448 1049 565 1119 voluit:
601 1050 762 1133 &quidem
774 1048 816 1113 cst
829 1052 1056 1133 gravitatepro·

226 1134 345 1209 ximus,
417 1133 561 1212 redundat
571 1134 678 1211 oratio.
700 1135 831 1215 attampn
851 1134 1008 1223 isquidem
1022 1136 1055 1199 in

226 1216 331 1295 patriis
343 1215 484 1279 institutis
494 1228 606 1279 manet.
650 1212 818 1293 Diodorus,
838 1216 899 1297 ejus
922 1216 1053 1293 auditor,

223 1295 363 1379 adjungit
376 1299 412 1361 ad
424 1298 623 1373 honestatem,
633 1298 813 1361 vacuitatem
826 1296 947 1363 doloris.
991 1298 1054 1364 Hic

221 1400 349 1463 quoque
360 1381 428 1443 suus
446 1380 504 1444 est:
525 1381 561 1443 de
575 1380 752 1462 summoque
764 1381 847 1443 bono
866 1378 1049 1459 dissentiens,

221 1464 283 1543 dici
301 1482 371 1529 vere
383 1458 595 1543 Peripateticus
603 1478 668 1524 non
682 1461 789 1540 potest.
832 1462 1054 1545 ssAntiquorum

223 1558 332 1608 autem
346 1545 526 1608 sententiam
542 1544 716 1607 Antiochus
730 1544 831 1607 noster
843 1544 917 1607 mihi
936 1547 1053 1609 videtur

224 1628 364 1710 persequi
375 1624 608 1708 diligentissime:
627 1645 719 1708 quam
732 1628 857 1691 eandem
880 1626 1051 1706 Aristotelis

220 1706 362 1793 suillo&
383 1707 558 1785 Polemonis
573 1710 674 1774 docet.
747 1732 749 1745 ·
1034 1740 1037 1749 Δ

265 1790 298 1852 V
299 1790 326 1854 I.
348 1789 376 1853 F
387 1808 411 1853 Α
422 1810 440 1851 c
453 1810 465 1853 1
477 1812 499 1854 τ
511 1793 616 1872 'igitur‘
633 1790 747 1865 Lucius
766 1790 864 1855 noster
876 1793 1050 1873 prudenter,
1146 1850 1149 1855 .

218 1876 274 1956 qui
287 1874 387 1938 audire
405 1875 441 1955 dje
453 1875 666 1944 summobono
677 1873 862 1953 potissimum
880 1877 961 1938 velit.
985 1877 1050 1941 hoc

213 1959 305 2019 enim
324 1956 492 2021 constituto
504 1959 537 2019 in
559 1954 756 2035 pirilosophin
783 1956 945 2035 constituta
977 1957 1050 2022 sunt

218 2042 338 2104 omnia.
360 2041 553 2103 nam-ceteris
570 2040 602 2101 in
621 2039 707 2099 rebus
725 2035 784 2099 five
799 2034 1046 2117 praetermissum,

192 2118 281 2185 ,five
300 2121 475 2201 ignoratum
497 2122 538 2185 est
561 2121 727 2200 quippiam,
746 2138 811 2189 non
837 2116 903 2199 plus
925 2121 1047 2184 incom-

218 2204 307 2267 modi
322 2204 376 2281 est,
389 2225 481 2288 quam
493 2204 597 2285 quanti
617 2218 864 2284 quaequeearum
877 2220 976 2265 rerum
989 2204 1046 2279 est,

219 2288 256 2349 in
274 2288 382 2367 quibus
397 2286 570 2367 neglectum
582 2284 623 2348 est
636 2284 756 2365 aliquid.
778 2284 930 2354 summum
942 2297 1046 2363 autem

214 2368 372 2432 bonumfi
395 2373 563 2450 ignoretur,
584 2368 705 2432 vivendi
738 2367 887 2429 rationem
913 2367 1045 2445 ignorari

174 2492 179 2497 -
212 2449 404 2515 necesleest.v
417 2470 457 2514 ex
472 2469 532 2529 quo
551 2463 652 2513 tantus
664 2444 972 2530 error'conlequitur,
993 2464 1043 2527 ut,

207 2554 306 2617 quem
324 2531 356 2598 in
374 2547 500 2614 portum
521 2534 723 2613 serecipiant,
742 2532 813 2594 scire
827 2551 892 2595 non
916 2530 1041 2611 possmt.

207 2612 350 2696 cognitis
368 2628 471 2680 autem
490 2634 590 2690 rerum
613 2614 732 2689 finibus,
753 2632 825 2677 cum
850 2613 1042 2693 intelligitur,

204 2700 285 2782 ⁷quid
306 2697 381 2763 fit&
395 2701 547 2761 bonorum
558 2709 743 2771 extremum,
759 2697 788 2758 δι’
802 2696 966 2771 malorum,
994 2698 1043 2761 in-

210 2794 308 2845 venta
321 2783 400 2845 vitae
412 2782 461 2843 via
474 2781 527 2857 est,
539 2780 798 2857 conformatioque
811 2780 952 2842 omnium
973 2778 1041 2844 offi-

211 2866 347 2928 ciorum.
392 2862 445 2925 Est
454 2864 566 2942 igitur,
583 2882 645 2944 quo
665 2861 794 2943 quidque
820 2862 978 2925 referatur:
999 2881 1041 2924 ex

206 2968 291 3029 quo,
311 2947 342 3008 id
355 2946 436 3024 quod
454 2966 560 3021 omnes
572 2956 734 3025 expetunt,
755 2945 837 3007 beate
850 2945 972 3008 vivendi
993 2964 1040 3007 ra-

207 3032 259 3093 tio
272 3030 416 3105 inveniri,
440 3025 650 3107 &comparari
665 3026 777 3108 potest.
798 3028 880 3109 quod
895 3028 1041 3107 quoniam

207 3115 245 3175 in
264 3130 331 3191 quo
352 3109 401 3188 fit,
417 3130 527 3191 magna
544 3106 747 3175 diflenfioest:
772 3107 947 3174 Carneadea.
955 3111 1041 3175 nobis

208 3195 377 3260 adhibenda
402 3192 506 3266 divisio
528 3193 663 3343 est,Lqua
686 3190 783 3263 notter
800 3194 972 3340 Αῃῐὶοςὴιέε
999 3194 1036 3258 Ιί-

632 3297 662 3364 ³:
964 3290 1048 3344 entes
