2742 3909
490 292 641 369 Lrusr
683 282 728 364 V.
963 312 1021 387 ¹73

193 406 400 478 moderarum,
431 401 639 481 ingeneratum
661 404 844 479 puta-vemat
871 399 1025 485 omnibus,

189 490 247 571 qui
265 489 460 550 continentur
482 505 518 547 ea
533 482 798 547 commendatione
811 497 945 575 naturae,
966 506 1025 571 qna

190 574 225 635 se
247 573 255 633 i
280 568 366 633 fidili
389 580 455 631 unt.

237 592 318 715 lidi.
339 586 404 714 Dgn
418 669 430 714 t
443 668 464 711 n
475 664 495 707 c
508 666 527 711 r
540 664 583 710 rs
604 647 767 713 videndum
789 646 843 725 est,
877 653 1024 732 quoniam

190 735 262 800 satis
275 749 412 816 apertum
438 728 491 806 est,
526 727 576 792 fibi
600 748 748 811 quemque
776 744 881 795 natura
899 732 1021 801 effera·

188 838 277 892 rum‚
297 834 372 899 quae
392 813 427 878 fit
440 811 570 878 hominis
579 825 693 876 natura.
706 814 736 875 id
749 812 790 875 est
803 814 897 890 enirn,
919 817 1024 903 dequo

188 901 372 981 quaerimus.
397 896 493 979 Atqui
500 894 749 975 perspicuumest,
762 896 1023 967 hominemecor-
1088 930 1091 935 ¹

189 1003 282 1067 pore,
301 984 461 1057 animoque
482 978 628 1053 constare,
650 998 723 1041 cum
735 980 849 1057 primae
859 978 916 1045 fint
929 986 1022 1053 animi

186 1079 302 1151 partes,
324 1063 466 1126 secundae
478 1062 620 1141 corporis.
642 1060 747 1123 deinde
763 1061 793 1123 id
801 1080 862 1143 quo
884 1084 920 1126 ue
938 1069 1022 1133 vide·

189 1169 278 1223 mus,
301 1144 331 1208 δι
358 1147 401 1209 ita
422 1142 584 1223 figuratum
605 1161 727 1224 corpus,
749 1156 784 1207 ut
797 1082 925 1209 exceilat
947 1148 1023 1233 aliis,

187 1232 392 1309 animumque
415 1227 457 1288 ita
475 1225 688 1300 constitutum,
710 1225 795 1289 ut&
823 1225 948 1293 senfibus
972 1233 1022 1296 in·

189 1312 325 1380 structus
351 1308 400 1385 srt,
423 1308 453 1372 δι
473 1308 576 1371 iubeat
602 1306 808 1387 praestantiam
830 1314 952 1389 mentis,
973 1317 1023 1379 cui

188 1410 263 1461 tota
277 1393 413 1457 hominis
431 1403 538 1455 natura
560 1403 672 1469 pateat,
695 1392 801 1468 inqua
821 1388 856 1454 Iit
881 1395 1022 1465 mirabilis

187 1479 341 1563 quaedam
354 1475 399 1538 vis
410 1474 546 1549 rationis,
564 1471 598 1537 ,δι
617 1474 854 1551 cognitionis&
872 1477 1022 1559 scientiae,

185 1564 403 1639 virtutumque
432 1558 584 1620 omniurn.
605 1574 678 1619 narn
701 1572 772 1635 quae
793 1560 1022 1641 corporisiunt,

184 1667 224 1710 ea
239 1662 297 1707 nec
309 1638 521 1707 auetoritatem
533 1657 605 1701 cum
627 1640 720 1703 animi
740 1640 869 1719 partibus
895 1661 1021 1725 compa-

183 1722 592 1801 randam,&cognitionem
603 1720 714 1785 habent
725 1720 898 1789 faciliorem.
923 1727 1023 1808 itaqua

181 1814 225 1875 ab
239 1810 287 1872 his
302 1807 465 1871 ordiamur.
519 1802 665 1884 Corporis
686 1803 778 1884 igitur
799 1808 892 1871 nostri
912 1822 1022 1889 partes,

182 1905 318 1973 totaque
335 1888 444 1968 figura,
466 1885 622 1961 &forman
645 1887 675 1949 dr
702 1888 822 1964 statura,
842 1910 935 1985 quarn
952 1905 1022 1975 apta

180 1976 227 2041 ad
246 1986 386 2038 naturam
399 1966 447 2045 fit,
470 1981 607 2053 apparet:
630 1986 726 2051 neque
738 1968 779 2033 est
790 1971 925 2049 dubium,
947 1976 1021 2052 quin

181 2060 291 2133 frons,
303 2054 400 2129 oculi,
419 2072 514 2127 aures,
529 2048 698 2128 &reliquae
710 2062 818 2133 partes,
838 2054 937 2141 quales
949 2073 1023 2137 pro-

181 2141 274 2224 priae
297 2137 367 2202 sunt
392 2130 538 2220 hominis,
558 2131 752 2212 intelligatur.
775 2134 823 2197 sed
844 2149 924 2201 certe
945 2156 1023 2218 opus

180 2224 232 2294 est
245 2242 281 2287 ea
295 2218 404 2294 valere,
419 2216 451 2281 δι
470 2219 582 2297 uigere,
597 2215 744 2281 naturales
753 2228 868 2295 motus,
898 2218 1023 2305 usuique

180 2296 717 2395 haberemqnecobiitquideorum
747 2319 804 2365 nec
817 2318 951 2382 aegrum,
971 2304 1024 2367 de·

181 2388 385 2453 bilitatumve
406 2380 452 2451 fit.
488 2383 517 2445 id
540 2384 623 2457 enim
645 2395 751 2445 natura
778 2380 925 2451 renuerat.
968 2381 1023 2455 Est

181 2472 286 2543 etiam
298 2465 533 2551 antequanm
546 2465 691 2546 corporis,
710 2484 784 2547 quae
793 2480 907 2547 motus,
919 2464 950 2531 dr
964 2466 1024 2535 sta*

184 2569 243 2624 tus
257 2562 382 2616 naturae
395 2560 596 2629 congruentes
619 2556 716 2613 tenet:
747 2548 779 2610 in
797 2551 904 2633 quibus
916 2547 939 2617 ss
951 2568 1022 2629 pec·

180 2650 277 2701 cetur
301 2631 490 2707 distortione,
514 2631 545 2693 dr
568 2632 777 2711 depravatione
800 2632 939 2717 quadarn,
969 2640 1024 2699 aut

180 2729 298 2791 motu,
312 2714 428 2782 statuve
444 2713 584 2789 deformi,
595 2726 631 2775 ut
643 2710 665 2775 fi
678 2725 731 2776 aut
742 2714 879 2779 manibus
891 2716 1022 2797 ingredia

184 2816 264 2866 arur
275 2799 356 2881 quis,
376 2810 430 2860 aut
446 2814 513 2859 non
525 2808 607 2871 ante,
629 2793 678 2861 sed
691 2807 771 2860 retro
786 2820 797 2871 ς
818 2798 919 2879 fugere
932 2796 1023 2879 plane

182 2884 219 2951 se
234 2883 246 2947 i
270 2882 326 2957 se,.
347 2878 378 2946 u
393 2878 550 2948 hominem
563 2897 602 2943 ex
615 2876 743 2943 homine
755 2898 872 2945 exuens
883 2893 1028 2957 naturam.

179 2903 284 3030 odida
324 2961 468 3026 videatur.
532 2959 740 3106 Qiamobrem
764 2964 855 3027 etiarn
872 2960 1025 3033 'seffiones

178 3048 349 3129 quaedam,
365 3043 395 3109 δι
410 3040 495 3120 flexi,
510 3042 570 3107 fra
585 3046 651 3125 ique
659 3056 774 3121 motus,
794 3043 893 3128 quales
904 3054 1024 3125 proter·

176 3148 306 3196 norrun
320 3127 497 3201 hominum,
519 3140 571 3191 aut
586 3126 728 3191 mollium
743 3124 798 3192 effe
815 3128 925 3203 solent,
946 3148 1024 3202 con·

184 3226 240 3285 tra
263 3221 406 3279 naturam
428 3207 515 3273 sunt:
551 3221 600 3288 ut,
620 3210 712 3283 etiam
733 3206 755 3271 fi
778 3211 871 3277 animi
897 3212 981 3308 virio·
996 3209 1027 3275 id

896 3307 1026 3371 eveniat,

1145 3265 1197 3274 Α..
1200 3269 1218 3274 .,.
