2742 3909
513 326 681 393 Lrurn
725 328 767 395 V.
854 384 857 391 .
1015 338 1076 417 167

232 428 430 503 critudinem,
455 437 609 516 ceteraque
633 430 746 507 generis
763 428 912 513 ejusdem:
945 444 1078 516 quorum

233 510 343 577 fimilia
357 513 426 575 sunt
438 512 535 592 prima
551 511 584 572 in
599 512 719 587 animis,
729 510 817 593 ,quasi
830 516 979 580 virtutum
993 522 1074 600 igni,

233 596 314 671 culi,
329 594 359 658 δι
373 595 496 661 semim.
538 588 590 662 Ex
618 588 663 656 hii
678 594 775 658 eribus
797 616 869 669 cum
895 619 993 665 unum
1016 602 1072 667 ali..
1129 636 1134 647 ·

234 678 322 769 quod
333 675 381 754 fit,
416 696 477 759 quo
495 677 627 756 primum
642 688 749 739 natura
777 692 934 745 moveatur
960 684 1008 751 vel
1030 688 1067 759 ad

235 761 457 842 appetendum,
478 758 526 823 vei
548 758 814 846 adrepellendum
837 766 1066 848 necquidquam

234 844 385 918 omnino,
418 853 530 925 praeter
552 841 625 906 haec
652 843 721 918 tria,
751 841 839 924 poffit
862 842 934 909 esi'e:
956 850 1068 923 necesse

235 926 280 990 est
294 927 425 989 omnino
446 920 579 988 officium
592 936 645 988 aut
657 924 801 1007 fugiendi,
836 940 890 990 aut
913 929 1065 1013 sequendi,

232 1009 274 1072 ad
296 1026 404 1079 eorum
430 1008 539 1087 aliquid
564 1008 683 1081 referri3
732 1020 767 1071 ut
803 1008 853 1072 ilia
893 1016 1063 1095 prudentia²

232 1109 329 1173 quam
342 1104 437 1164 artem
454 1092 532 1154 vitae
546 1087 603 1155 esse
623 1092 766 1168 diximus,
797 1092 829 1154 in
846 1112 948 1157 earum
970 1100 1065 1169 trium

230 1192 336 1237 rerum
359 1174 456 1255 aliqua
477 1172 619 1248 versetur,
641 1195 658 1236 a
681 1190 741 1265 qua
762 1176 856 1237 totius
873 1178 951 1243 vitae
974 1180 1066 1249 ducat

232 1255 406 1319 exordium.
449 1252 502 1317 Ex
523 1274 561 1318 eo
590 1270 705 1330 autem,
740 1256 819 1339 quod
841 1258 973 1324 statuerit
992 1263 1061 1343 effe,

255 1358 298 1401 uo
315 1340 450 1419 primum
464 1349 570 1403 natura
582 1352 753 1413 moveatur,
774 1338 892 1405 exsistet
904 1346 995 1408 etiam
1013 1362 1063 1413 re-

232 1422 278 1484 ci
300 1422 392 1496 ratio,
419 1433 507 1502 atque
524 1420 653 1495 honesti,
675 1440 751 1504 quue
776 1438 849 1484 cum
871 1444 935 1488 uno
958 1428 1060 1512 aliquo

230 1521 274 1569 ex
289 1505 380 1567 tribus
392 1502 448 1565 illis
475 1519 639 1580 congruere
652 1500 754 1583 pouit,
788 1516 824 1566 ut
843 1519 894 1569 aut
907 1508 936 1569 id
962 1510 1059 1577 hone-

229 1586 314 1649 stum
331 1584 379 1661 fir,
400 1584 495 1650 facere
508 1587 623 1661 omnia,
641 1598 694 1649 aut
706 1584 870 1666 voluptatis
882 1593 980 1667 causa,
1001 1596 1059 1659 eti..

226 1688 281 1730 am
294 1666 315 1730 si
328 1688 394 1731 eum
407 1686 472 1730 non
485 1667 664 1749 consequare
673 1692 684 1742 3
706 1680 759 1730 aut
781 1688 847 1732 non
866 1671 999 1752 dolendi,
1022 1686 1057 1742 e'-

229 1754 308 1822 tiam
330 1748 395 1813 fiid
411 1747 518 1831 assequi
536 1768 678 1829 nequeas:
701 1763 753 1813 aut
775 1772 894 1830 eorum,
913 1775 990 1839 quae
1012 1759 1057 1825 se-

226 1835 367 1903 cundum
375 1847 526 1908 naturam,
546 1832 730 1913 adipiscendi.
774 1831 878 1912 Itasrt,
899 1852 946 1915 ut,
960 1842 1057 1922 quan-

228 1932 263 1981 ta
282 1915 447 1980 differentia
465 1916 506 1980 est
521 1916 552 1981 in
573 1916 726 1995 principiis
748 1918 943 1997 naturalibus,
974 1924 1063 1998 sauia

227 1999 268 2063 fit
279 2001 312 2063 in
327 1998 434 2063 finibus
446 2000 599 2061 bonorum
612 1998 821 2077 malorumque
843 2000 1057 2073 dissimilitudo.

228 2082 297 2156 Alii
308 2082 405 2146 rursus
422 2081 555 2144 iisdema
576 2080 737 2161 principiis,
757 2098 851 2145 omne
861 2081 996 2149 officium
1008 2108 1056 2155 re-

228 2167 334 2228 ferunt
347 2180 399 2227 aut
411 2165 657 2244 aduoiuptatem,
677 2174 731 2224 aut
747 2160 784 2224 ad
797 2182 862 2226 nou
876 2166 1055 2253 dolendum,

226 2262 283 2311 aut
306 2248 342 2310 ad
360 2250 456 2327 prima
476 2246 527 2309 ilia
541 2246 703 2309 secundum
726 2257 865 2309 naturam
882 2252 1054 2321 obtinenda.

226 2326 455 2413 Expofitisjam
464 2331 553 2409 igitur
568 2328 663 2393 sexde
672 2328 881 2393 summobono
891 2329 1055 2415 sententiisg

225 2416 324 2477 trium
337 2414 547 2494 proximarum
560 2410 590 2473 hi
604 2411 699 2491 princi
722 2430 771 2485 es;
803 2412 980 2495 voluptatis,
1004 2418 1052 2482 A·

221 2496 387 2576 ristippus;
417 2514 485 2559 non
511 2491 643 2570 dolendi,
707 2495 902 2579 ieronymus;
936 2500 1054 2569 fruendi

221 2582 310 2643 rebus
324 2580 371 2655 iis,
390 2596 462 2659 quas
473 2579 581 2657 primas
601 2576 764 2642 secundum
777 2586 915 2642 naturam
937 2580 993 2647 esse
1005 2584 1051 2649 di-

220 2663 341 2737 ximus,
361 2660 540 2736 Carneades,
569 2680 634 2723 non
661 2658 712 2723 ilie
729 2660 849 2746 quidem
864 2661 984 2746 auuor,
1004 2668 1053 2733 se'd

219 2745 374 2821 defensor,
406 2740 557 2807 disserendi
579 2742 664 2805 causa
692 2742 758 2805 suit.
801 2740 969 2825 Superiores
994 2763 1055 2819 tres,

221 2838 325 2902 erant,
344 2844 421 2909 quae
442 2822 497 2891 effe
510 2820 642 2906 possent:
663 2844 789 2907 quarum
803 2826 916 2891 estona
929 2832 1052 2897 solado.

218 2908 318 2985 sensa,
339 2927 430 2989 eaque
447 2908 650 2973 vehementer.
684 2927 756 2971 nam
780 2908 945 2991 voluptatis
965 2914 1051 2981 cruia

217 2994 319 3057 facere
331 2992 448 3067 omnin,
468 3010 553 3067 cum,
567 2992 659 3055 etiam
683 2988 705 3051 sr-
721 2986 795 3054 nihil
821 2995 1050 3081 consequamui,

219 3088 328 3141 tamen
343 3076 441 3157 ipsum
451 3074 525 3138 illud
543 3066 703 3137 confilium
724 3075 765 3137 ita
792 3072 930 3155 faciendi,
955 3100 1008 3165 per
1022 3083 1053 3151 se¹

216 3158 443 3238 expetendum,
465 3154 494 3221 δι
514 3157 687 3233 honestum,
709 3156 740 3221 n
759 3154 987 3228 solumbonum
1002 3160 1049 3245 srt',

217 3259 318 3319 uerno
331 3239 413 3307 dicit.
436 3259 474 3308 ue
491 3242 670 3387 rintionelm
688 3240 808 3322 quidem
821 3240 933 3311 doloris
957 3248 1050 3331 ipsam

681 3343 703 3402 4
1014 3352 1054 3413 pe<
