<?xml version="1.0" encoding="UTF-8"?>
<!DOCTYPE html PUBLIC "-//W3C//DTD XHTML 1.0 Transitional//EN"
    "http://www.w3.org/TR/xhtml1/DTD/xhtml1-transitional.dtd">
<html xmlns="http://www.w3.org/1999/xhtml" xml:lang="en" lang="en">
 <head>
  <title>
</title>
<meta http-equiv="Content-Type" content="text/html;charset=utf-8" />
  <meta name='ocr-system' content='tesseract 3.04.00' />
  <meta name='ocr-capabilities' content='ocr_page ocr_carea ocr_par ocr_line ocrx_word'/>
</head>
<body>
  <div class='ocr_page' id='page_1' title='image "./mtulliiciceroni13cicegoog_0156.png"; bbox 0 0 2742 3909; ppageno 0'>
   <div class='ocr_carea' id='block_1_1' title="bbox 345 316 1045 407">
    <p class='ocr_par' dir='ltr' id='par_1_1' title="bbox 345 316 1045 407">
     <span class='ocr_line' id='line_1_1' title="bbox 345 316 1045 407; baseline -0.011 -16"><span class='ocrx_word' id='word_1_1' title='bbox 345 344 408 407; x_wconf 82' lang='lat'>¹50</span> <span class='ocrx_word' id='word_1_2' title='bbox 509 316 1045 387; x_wconf 77' lang='lat' dir='ltr'>DeF1n.Borr.erMAr.</span> 
     </span>
    </p>
   </div>
   <div class='ocr_carea' id='block_1_2' title="bbox 341 422 1219 754">
    <p class='ocr_par' dir='ltr' id='par_1_2' title="bbox 341 422 1219 754">
     <span class='ocr_line' id='line_1_2' title="bbox 341 422 1173 509; baseline -0.007 -18"><span class='ocrx_word' id='word_1_3' title='bbox 341 431 394 509; x_wconf 88' lang='lat' dir='ltr'>qui</span> <span class='ocrx_word' id='word_1_4' title='bbox 409 424 485 492; x_wconf 90' lang='lat' dir='ltr'>illud</span> <span class='ocrx_word' id='word_1_5' title='bbox 500 444 566 489; x_wconf 90' lang='lat' dir='ltr'>non</span> <span class='ocrx_word' id='word_1_6' title='bbox 577 424 715 487; x_wconf 87' lang='lat' dir='ltr'>dubitant</span> <span class='ocrx_word' id='word_1_7' title='bbox 731 427 849 487; x_wconf 90' lang='lat' dir='ltr'>bonum</span> <span class='ocrx_word' id='word_1_8' title='bbox 864 422 968 489; x_wconf 83' lang='lat' dir='ltr'>dicere.</span> <span class='ocrx_word' id='word_1_9' title='bbox 1013 422 1090 489; x_wconf 89' lang='lat' dir='ltr'>Hoc</span> <span class='ocrx_word' id='word_1_10' title='bbox 1104 441 1173 491; x_wconf 79' lang='lat' dir='ltr'>uero</span> 
     </span>
     <span class='ocr_line' id='line_1_3' title="bbox 345 503 1173 589; baseline 0 -18"><span class='ocrx_word' id='word_1_11' title='bbox 345 508 469 589; x_wconf 73' lang='lat' dir='ltr'>referre</span> <span class='ocrx_word' id='word_1_12' title='bbox 493 528 559 571; x_wconf 92' lang='lat' dir='ltr'>non</span> <span class='ocrx_word' id='word_1_13' title='bbox 581 504 717 588; x_wconf 85' lang='lat' dir='ltr'>potuill&#39;e.</span> <span class='ocrx_word' id='word_1_14' title='bbox 750 508 832 585; x_wconf 91' lang='lat' dir='ltr'>quod</span> <span class='ocrx_word' id='word_1_15' title='bbox 863 508 978 585; x_wconf 86' lang='lat' dir='ltr'>antiqui</span> <span class='ocrx_word' id='word_1_16' title='bbox 1003 505 1063 581; x_wconf 93' lang='lat' dir='ltr'>illi,</span> <span class='ocrx_word' id='word_1_17' title='bbox 1096 503 1173 587; x_wconf 89' lang='lat' dir='ltr'>quafi</span> 
     </span>
     <span class='ocr_line' id='line_1_4' title="bbox 346 587 1172 665; baseline -0.004 -9"><span class='ocrx_word' id='word_1_18' title='bbox 346 591 472 665; x_wconf 87' lang='lat' dir='ltr'>barbati,</span> <span class='ocrx_word' id='word_1_19' title='bbox 494 603 530 655; x_wconf 86' lang='lat' dir='ltr'>ut</span> <span class='ocrx_word' id='word_1_20' title='bbox 559 609 616 656; x_wconf 87' lang='lat' dir='ltr'>nos</span> <span class='ocrx_word' id='word_1_21' title='bbox 635 590 671 653; x_wconf 92' lang='lat' dir='ltr'>de</span> <span class='ocrx_word' id='word_1_22' title='bbox 699 588 806 653; x_wconf 85' lang='lat' dir='ltr'>nostris</span> <span class='ocrx_word' id='word_1_23' title='bbox 825 587 952 652; x_wconf 90' lang='lat' dir='ltr'>solemus</span> <span class='ocrx_word' id='word_1_24' title='bbox 975 589 1087 665; x_wconf 89' lang='lat' dir='ltr'>dicere,</span> <span class='ocrx_word' id='word_1_25' title='bbox 1111 610 1172 659; x_wconf 86' lang='lat' dir='ltr'>cre·</span> 
     </span>
     <span class='ocr_line' id='line_1_5' title="bbox 343 668 1219 754; baseline -0.003 -16"><span class='ocrx_word' id='word_1_26' title='bbox 343 676 490 746; x_wconf 71' lang='lat' dir='ltr'>eliderent,</span> <span class='ocrx_word' id='word_1_27' title='bbox 520 669 596 754; x_wconf 85' lang='lat' dir='ltr'>ejus,</span> <span class='ocrx_word' id='word_1_28' title='bbox 625 672 676 751; x_wconf 90' lang='lat' dir='ltr'>qui</span> <span class='ocrx_word' id='word_1_29' title='bbox 692 670 815 739; x_wconf 85' lang='lat' dir='ltr'>honeste</span> <span class='ocrx_word' id='word_1_30' title='bbox 833 672 957 747; x_wconf 92' lang='lat' dir='ltr'>viveret,</span> <span class='ocrx_word' id='word_1_31' title='bbox 992 668 1116 735; x_wconf 86' lang='lat' dir='ltr'>fiidem</span> <span class='ocrx_word' id='word_1_32' title='bbox 1143 673 1171 742; x_wconf 73' lang='grc' dir='ltr'>δι</span> <span class='ocrx_word' id='word_1_33' title='bbox 1218 698 1219 753; x_wconf 63' lang='lat'>1</span> 
     </span>
    </p>
   </div>
   <div class='ocr_carea' id='block_1_3' title="bbox 222 751 1219 3390">
    <p class='ocr_par' dir='ltr' id='par_1_3' title="bbox 343 751 1219 1169">
     <span class='ocr_line' id='line_1_6' title="bbox 346 751 1219 835; baseline -0.005 -16"><span class='ocrx_word' id='word_1_34' title='bbox 346 759 422 827; x_wconf 85' lang='lat' dir='ltr'>bene</span> <span class='ocrx_word' id='word_1_35' title='bbox 439 754 561 832; x_wconf 90' lang='lat' dir='ltr'>valeret,</span> <span class='ocrx_word' id='word_1_36' title='bbox 582 756 657 819; x_wconf 90' lang='lat' dir='ltr'>bene</span> <span class='ocrx_word' id='word_1_37' title='bbox 669 754 795 828; x_wconf 87' lang='lat' dir='ltr'>audiret,</span> <span class='ocrx_word' id='word_1_38' title='bbox 816 754 956 833; x_wconf 89' lang='lat' dir='ltr'>copiosus</span> <span class='ocrx_word' id='word_1_39' title='bbox 973 751 1059 830; x_wconf 81' lang='lat' dir='ltr'>ellet,</span> <span class='ocrx_word' id='word_1_40' title='bbox 1082 770 1169 835; x_wconf 84' lang='lat' dir='ltr'>opta·</span> <span class='ocrx_word' id='word_1_41' title='bbox 1218 760 1219 815; x_wconf 77' lang='grc' dir='ltr'>ἶ</span> 
     </span>
     <span class='ocr_line' id='line_1_7' title="bbox 343 832 1219 927; baseline -0.01 -19"><span class='ocrx_word' id='word_1_42' title='bbox 343 838 483 908; x_wconf 74' lang='lat' dir='ltr'>bilibrem</span> <span class='ocrx_word' id='word_1_43' title='bbox 490 838 554 907; x_wconf 83' lang='lat' dir='ltr'>sore</span> <span class='ocrx_word' id='word_1_44' title='bbox 571 838 679 923; x_wconf 83' lang='lat' dir='ltr'>vitam,</span> <span class='ocrx_word' id='word_1_45' title='bbox 695 835 952 919; x_wconf 81' lang='lat' dir='ltr'>melioremque&amp;</span> <span class='ocrx_word' id='word_1_46' title='bbox 968 839 1065 917; x_wconf 88' lang='lat' dir='ltr'>magis</span> <span class='ocrx_word' id='word_1_47' title='bbox 1077 858 1169 918; x_wconf 80' lang='lat' dir='ltr'>expe-</span> <span class='ocrx_word' id='word_1_48' title='bbox 1217 832 1219 927; x_wconf 64' lang='lat' dir='ltr'>l</span> 
     </span>
     <span class='ocr_line' id='line_1_8' title="bbox 345 918 1171 1002; baseline 0.001 -16"><span class='ocrx_word' id='word_1_49' title='bbox 345 921 480 996; x_wconf 87' lang='lat' dir='ltr'>tendam,</span> <span class='ocrx_word' id='word_1_50' title='bbox 498 939 587 1002; x_wconf 85' lang='lat' dir='ltr'>quam</span> <span class='ocrx_word' id='word_1_51' title='bbox 599 918 693 996; x_wconf 90' lang='lat' dir='ltr'>illius,</span> <span class='ocrx_word' id='word_1_52' title='bbox 715 920 765 999; x_wconf 90' lang='lat' dir='ltr'>qui</span> <span class='ocrx_word' id='word_1_53' title='bbox 773 936 864 999; x_wconf 89' lang='lat' dir='ltr'>aeque</span> <span class='ocrx_word' id='word_1_54' title='bbox 882 920 1050 995; x_wconf 85' lang='lat' dir='ltr'>virbonus,</span> <span class='ocrx_word' id='word_1_55' title='bbox 1065 922 1171 987; x_wconf 83' lang='lat' dir='ltr'>multis</span> 
     </span>
     <span class='ocr_line' id='line_1_9' title="bbox 346 998 985 1078; baseline -0.022 -3"><span class='ocrx_word' id='word_1_56' title='bbox 346 1005 445 1075; x_wconf 82' lang='lat' dir='ltr'>modis</span> <span class='ocrx_word' id='word_1_57' title='bbox 460 998 541 1078; x_wconf 81' lang='lat' dir='ltr'>esset,</span> <span class='ocrx_word' id='word_1_58' title='bbox 561 1015 597 1066; x_wconf 91' lang='lat' dir='ltr'>ut</span> <span class='ocrx_word' id='word_1_59' title='bbox 617 1001 713 1067; x_wconf 90' lang='lat' dir='ltr'>Ennii</span> <span class='ocrx_word' id='word_1_60' title='bbox 737 1002 898 1076; x_wconf 88' lang='lat' dir='ltr'>Alcmae0,</span> <span class='ocrx_word' id='word_1_61' title='bbox 983 1064 985 1072; x_wconf 63' lang='grc'>,</span> 
     </span>
     <span class='ocr_line' id='line_1_10' title="bbox 411 1080 1085 1169; baseline -0.001 -18"><span class='ocrx_word' id='word_1_62' title='bbox 411 1080 641 1151; x_wconf 69' lang='lat' dir='ltr'>&#39;Circumventus</span> <span class='ocrx_word' id='word_1_63' title='bbox 649 1083 753 1161; x_wconf 83' lang='lat' dir='ltr'>morbo,</span> <span class='ocrx_word' id='word_1_64' title='bbox 766 1082 868 1169; x_wconf 69' lang='lat' dir='ltr'>ofilio,</span> <span class='ocrx_word' id='word_1_65' title='bbox 881 1094 966 1163; x_wconf 83' lang='lat' dir='ltr'>atque</span> <span class='ocrx_word' id='word_1_66' title='bbox 977 1081 1085 1163; x_wconf 83' lang='lat' dir='ltr'>inopia.</span> 
     </span>
    </p>

    <p class='ocr_par' dir='ltr' id='par_1_4' title="bbox 329 1164 1219 2325">
     <span class='ocr_line' id='line_1_11' title="bbox 385 1164 1169 1255; baseline 0.004 -24"><span class='ocrx_word' id='word_1_67' title='bbox 385 1167 436 1233; x_wconf 92' lang='lat' dir='ltr'>Illi</span> <span class='ocrx_word' id='word_1_68' title='bbox 449 1164 541 1255; x_wconf 76' lang='lat' dir='ltr'>igitur</span> <span class='ocrx_word' id='word_1_69' title='bbox 552 1168 668 1247; x_wconf 87' lang='lat' dir='ltr'>antiqui</span> <span class='ocrx_word' id='word_1_70' title='bbox 692 1182 833 1235; x_wconf 85' lang='lat' dir='ltr'>nontam</span> <span class='ocrx_word' id='word_1_71' title='bbox 850 1180 937 1235; x_wconf 89' lang='lat' dir='ltr'>acute</span> <span class='ocrx_word' id='word_1_72' title='bbox 955 1168 1169 1248; x_wconf 79' lang='lat' dir='ltr'>optabiliorem</span> 
     </span>
     <span class='ocr_line' id='line_1_12' title="bbox 341 1248 1219 1332; baseline -0.008 -12"><span class='ocrx_word' id='word_1_73' title='bbox 341 1248 427 1321; x_wconf 84' lang='lat' dir='ltr'>lllam</span> <span class='ocrx_word' id='word_1_74' title='bbox 452 1253 548 1317; x_wconf 89' lang='lat' dir='ltr'>vitam</span> <span class='ocrx_word' id='word_1_75' title='bbox 569 1262 693 1332; x_wconf 84' lang='lat' dir='ltr'>putant,</span> <span class='ocrx_word' id='word_1_76' title='bbox 714 1250 970 1329; x_wconf 88' lang='lat' dir='ltr'>praestantiorem,</span> <span class='ocrx_word' id='word_1_77' title='bbox 991 1252 1166 1318; x_wconf 81' lang='lat' dir='ltr'>beatiorem.</span> <span class='ocrx_word' id='word_1_78' title='bbox 1217 1256 1219 1313; x_wconf 77' lang='lat'><em>1</em></span> 
     </span>
     <span class='ocr_line' id='line_1_13' title="bbox 339 1332 1166 1415; baseline 0.005 -18"><span class='ocrx_word' id='word_1_79' title='bbox 339 1332 435 1399; x_wconf 83' lang='lat' dir='ltr'>Stoici</span> <span class='ocrx_word' id='word_1_80' title='bbox 447 1347 549 1400; x_wconf 84' lang='lat' dir='ltr'>autem</span> <span class='ocrx_word' id='word_1_81' title='bbox 562 1333 777 1398; x_wconf 87' lang='lat' dir='ltr'>tantummodo</span> <span class='ocrx_word' id='word_1_82' title='bbox 790 1333 1032 1415; x_wconf 84' lang='lat' dir='ltr'>praeponendam</span> <span class='ocrx_word' id='word_1_83' title='bbox 1054 1336 1088 1399; x_wconf 90' lang='lat' dir='ltr'>in</span> <span class='ocrx_word' id='word_1_84' title='bbox 1102 1336 1166 1401; x_wconf 88' lang='lat' dir='ltr'>seli·</span> 
     </span>
     <span class='ocr_line' id='line_1_14' title="bbox 335 1413 1167 1502; baseline 0.002 -21"><span class='ocrx_word' id='word_1_85' title='bbox 335 1418 453 1502; x_wconf 82' lang='lat' dir='ltr'>gendo,</span> <span class='ocrx_word' id='word_1_86' title='bbox 472 1436 537 1481; x_wconf 91' lang='lat' dir='ltr'>non</span> <span class='ocrx_word' id='word_1_87' title='bbox 550 1434 612 1499; x_wconf 89' lang='lat' dir='ltr'>quo</span> <span class='ocrx_word' id='word_1_88' title='bbox 620 1416 735 1485; x_wconf 85' lang='lat' dir='ltr'>beatior</span> <span class='ocrx_word' id='word_1_89' title='bbox 747 1416 818 1480; x_wconf 87' lang='lat' dir='ltr'>haec</span> <span class='ocrx_word' id='word_1_90' title='bbox 832 1416 894 1479; x_wconf 85' lang='lat' dir='ltr'>vita</span> <span class='ocrx_word' id='word_1_91' title='bbox 906 1413 954 1490; x_wconf 81' lang='lat' dir='ltr'>stt,</span> <span class='ocrx_word' id='word_1_92' title='bbox 976 1416 1026 1478; x_wconf 91' lang='lat' dir='ltr'>sed</span> <span class='ocrx_word' id='word_1_93' title='bbox 1036 1421 1119 1499; x_wconf 92' lang='lat' dir='ltr'>quod</span> <span class='ocrx_word' id='word_1_94' title='bbox 1130 1421 1167 1483; x_wconf 88' lang='lat' dir='ltr'>ad</span> 
     </span>
     <span class='ocr_line' id='line_1_15' title="bbox 337 1497 1166 1577; baseline 0 -12"><span class='ocrx_word' id='word_1_95' title='bbox 337 1513 480 1567; x_wconf 85' lang='lat' dir='ltr'>naturam</span> <span class='ocrx_word' id='word_1_96' title='bbox 500 1500 769 1575; x_wconf 81' lang='lat' dir='ltr'>accommodatior,</span> <span class='ocrx_word' id='word_1_97' title='bbox 795 1498 825 1563; x_wconf 78' lang='lat' dir='ltr'>dr</span> <span class='ocrx_word' id='word_1_98' title='bbox 852 1498 903 1577; x_wconf 92' lang='lat' dir='ltr'>qui</span> <span class='ocrx_word' id='word_1_99' title='bbox 926 1497 1073 1577; x_wconf 77' lang='lat' dir='ltr'>sapientes</span> <span class='ocrx_word' id='word_1_100' title='bbox 1101 1522 1166 1570; x_wconf 83' lang='lat' dir='ltr'>non</span> 
     </span>
     <span class='ocr_line' id='line_1_16' title="bbox 338 1576 1164 1667; baseline 0.004 -22"><span class='ocrx_word' id='word_1_101' title='bbox 338 1582 425 1659; x_wconf 86' lang='lat' dir='ltr'>sunt,</span> <span class='ocrx_word' id='word_1_102' title='bbox 446 1604 553 1650; x_wconf 88' lang='lat' dir='ltr'>ornnes</span> <span class='ocrx_word' id='word_1_103' title='bbox 564 1600 654 1667; x_wconf 87' lang='lat' dir='ltr'>aeque</span> <span class='ocrx_word' id='word_1_104' title='bbox 673 1583 800 1649; x_wconf 86' lang='lat' dir='ltr'>miseros</span> <span class='ocrx_word' id='word_1_105' title='bbox 810 1576 874 1647; x_wconf 76' lang='lat' dir='ltr'>elle.</span> <span class='ocrx_word' id='word_1_106' title='bbox 918 1576 1013 1646; x_wconf 89' lang='lat' dir='ltr'>Stoici</span> <span class='ocrx_word' id='word_1_107' title='bbox 1030 1583 1107 1647; x_wconf 84' lang='lat' dir='ltr'>haec</span> <span class='ocrx_word' id='word_1_108' title='bbox 1119 1586 1164 1653; x_wconf 86' lang='lat' dir='ltr'>vi-</span> 
     </span>
     <span class='ocr_line' id='line_1_17' title="bbox 338 1661 1162 1745; baseline 0 -16"><span class='ocrx_word' id='word_1_109' title='bbox 338 1665 446 1731; x_wconf 90' lang='lat' dir='ltr'>delicet</span> <span class='ocrx_word' id='word_1_110' title='bbox 459 1667 607 1730; x_wconf 87' lang='lat' dir='ltr'>viderunt.</span> <span class='ocrx_word' id='word_1_111' title='bbox 631 1665 699 1734; x_wconf 84' lang='lat' dir='ltr'>illos</span> <span class='ocrx_word' id='word_1_112' title='bbox 711 1678 814 1728; x_wconf 89' lang='lat' dir='ltr'>autern</span> <span class='ocrx_word' id='word_1_113' title='bbox 840 1662 868 1729; x_wconf 92' lang='lat' dir='ltr'>id</span> <span class='ocrx_word' id='word_1_114' title='bbox 887 1661 1004 1742; x_wconf 80' lang='lat' dir='ltr'>fugerat</span> <span class='ocrx_word' id='word_1_115' title='bbox 1025 1665 1162 1745; x_wconf 78' lang='lat' dir='ltr'>superio-</span> 
     </span>
     <span class='ocr_line' id='line_1_18' title="bbox 334 1744 1163 1831; baseline 0.001 -19"><span class='ocrx_word' id='word_1_116' title='bbox 334 1766 382 1812; x_wconf 87' lang='lat' dir='ltr'>res</span> <span class='ocrx_word' id='word_1_117' title='bbox 395 1766 403 1811; x_wconf 75' lang='lat' dir='ltr'>a</span> <span class='ocrx_word' id='word_1_118' title='bbox 418 1749 470 1825; x_wconf 90' lang='lat' dir='ltr'>qui</span> <span class='ocrx_word' id='word_1_119' title='bbox 483 1747 708 1822; x_wconf 85' lang='lat' dir='ltr'>arbitrabantur,</span> <span class='ocrx_word' id='word_1_120' title='bbox 720 1748 856 1815; x_wconf 88' lang='lat' dir='ltr'>homines</span> <span class='ocrx_word' id='word_1_121' title='bbox 869 1744 1037 1821; x_wconf 85' lang='lat' dir='ltr'>sceleribus,</span> <span class='ocrx_word' id='word_1_122' title='bbox 1048 1748 1082 1810; x_wconf 73' lang='grc' dir='ltr'><strong>ἃ</strong></span> <span class='ocrx_word' id='word_1_123' title='bbox 1097 1770 1163 1831; x_wconf 82' lang='lat' dir='ltr'>par·</span> 
     </span>
     <span class='ocr_line' id='line_1_19' title="bbox 333 1822 1161 1909; baseline -0.001 -14"><span class='ocrx_word' id='word_1_124' title='bbox 333 1829 630 1907; x_wconf 77' lang='lat' dir='ltr'>nerdusmquinaros,</span> <span class='ocrx_word' id='word_1_125' title='bbox 641 1830 736 1896; x_wconf 89' lang='lat' dir='ltr'>nihilo</span> <span class='ocrx_word' id='word_1_126' title='bbox 745 1830 906 1895; x_wconf 83' lang='lat' dir='ltr'>miseriores</span> <span class='ocrx_word' id='word_1_127' title='bbox 918 1822 986 1904; x_wconf 85' lang='lat' dir='ltr'>effe,</span> <span class='ocrx_word' id='word_1_128' title='bbox 996 1844 1091 1909; x_wconf 90' lang='lat' dir='ltr'>quam</span> <span class='ocrx_word' id='word_1_129' title='bbox 1099 1854 1161 1909; x_wconf 87' lang='lat' dir='ltr'>eos,</span> 
     </span>
     <span class='ocr_line' id='line_1_20' title="bbox 335 1910 1161 1995; baseline 0.01 -24"><span class='ocrx_word' id='word_1_130' title='bbox 335 1910 473 1990; x_wconf 88' lang='lat' dir='ltr'>quicum</span> <span class='ocrx_word' id='word_1_131' title='bbox 487 1912 563 1981; x_wconf 84' lang='lat' dir='ltr'>caste</span> <span class='ocrx_word' id='word_1_132' title='bbox 580 1913 610 1976; x_wconf 76' lang='lat' dir='ltr'>dr</span> <span class='ocrx_word' id='word_1_133' title='bbox 633 1913 747 1995; x_wconf 82' lang='lat' dir='ltr'>integre</span> <span class='ocrx_word' id='word_1_134' title='bbox 764 1913 912 1986; x_wconf 88' lang='lat' dir='ltr'>viverent,</span> <span class='ocrx_word' id='word_1_135' title='bbox 936 1916 1083 1979; x_wconf 86' lang='lat' dir='ltr'>nondum</span> <span class='ocrx_word' id='word_1_136' title='bbox 1096 1936 1161 1995; x_wconf 89' lang='lat' dir='ltr'>per-</span> 
     </span>
     <span class='ocr_line' id='line_1_21' title="bbox 334 1990 1162 2077; baseline 0.004 -20"><span class='ocrx_word' id='word_1_137' title='bbox 334 1990 445 2062; x_wconf 71' lang='lat' dir='ltr'>sestam</span> <span class='ocrx_word' id='word_1_138' title='bbox 463 1993 548 2059; x_wconf 86' lang='lat' dir='ltr'>illam</span> <span class='ocrx_word' id='word_1_139' title='bbox 565 1994 737 2076; x_wconf 85' lang='lat' dir='ltr'>sapientiam</span> <span class='ocrx_word' id='word_1_140' title='bbox 762 1990 854 2065; x_wconf 80' lang='lat' dir='ltr'>essent</span> <span class='ocrx_word' id='word_1_141' title='bbox 875 1994 1040 2059; x_wconf 83' lang='lat' dir='ltr'>consecuti.</span> <span class='ocrx_word' id='word_1_142' title='bbox 1073 2012 1162 2077; x_wconf 86' lang='lat' dir='ltr'>atque</span> 
     </span>
     <span class='ocr_line' id='line_1_22' title="bbox 331 2076 1160 2157; baseline 0.002 -14"><span class='ocrx_word' id='word_1_143' title='bbox 331 2076 482 2149; x_wconf 86' lang='lat' dir='ltr'>hocloco</span> <span class='ocrx_word' id='word_1_144' title='bbox 499 2076 703 2143; x_wconf 77' lang='lat' dir='ltr'>similitudines</span> <span class='ocrx_word' id='word_1_145' title='bbox 721 2098 779 2154; x_wconf 89' lang='lat' dir='ltr'>eas,</span> <span class='ocrx_word' id='word_1_146' title='bbox 804 2078 909 2155; x_wconf 91' lang='lat' dir='ltr'>quibus</span> <span class='ocrx_word' id='word_1_147' title='bbox 921 2076 965 2143; x_wconf 90' lang='lat' dir='ltr'>illi</span> <span class='ocrx_word' id='word_1_148' title='bbox 985 2081 1032 2142; x_wconf 88' lang='lat' dir='ltr'>uti</span> <span class='ocrx_word' id='word_1_149' title='bbox 1045 2076 1160 2157; x_wconf 81' lang='lat' dir='ltr'>solent,</span> 
     </span>
     <span class='ocr_line' id='line_1_23' title="bbox 331 2158 1158 2241; baseline 0.004 -17"><span class='ocrx_word' id='word_1_150' title='bbox 331 2158 535 2230; x_wconf 79' lang='lat' dir='ltr'>ditumillimas</span> <span class='ocrx_word' id='word_1_151' title='bbox 554 2162 727 2241; x_wconf 82' lang='lat' dir='ltr'>proferebas.</span> <span class='ocrx_word' id='word_1_152' title='bbox 782 2158 862 2241; x_wconf 83' lang='lat' dir='ltr'>Qris</span> <span class='ocrx_word' id='word_1_153' title='bbox 882 2161 965 2225; x_wconf 90' lang='lat' dir='ltr'>enim</span> <span class='ocrx_word' id='word_1_154' title='bbox 978 2159 1113 2238; x_wconf 83' lang='lat' dir='ltr'>ignorat,</span> <span class='ocrx_word' id='word_1_155' title='bbox 1136 2162 1158 2233; x_wconf 84' lang='lat' dir='ltr'>fi</span> 
     </span>
     <span class='ocr_line' id='line_1_24' title="bbox 329 2242 1160 2325; baseline 0.007 -20"><span class='ocrx_word' id='word_1_156' title='bbox 329 2244 429 2325; x_wconf 77' lang='lat' dir='ltr'>plures</span> <span class='ocrx_word' id='word_1_157' title='bbox 442 2263 481 2314; x_wconf 88' lang='lat' dir='ltr'>ex</span> <span class='ocrx_word' id='word_1_158' title='bbox 504 2244 567 2309; x_wconf 78' lang='lat' dir='ltr'>alto</span> <span class='ocrx_word' id='word_1_159' title='bbox 584 2261 734 2323; x_wconf 85' lang='lat' dir='ltr'>emergere</span> <span class='ocrx_word' id='word_1_160' title='bbox 755 2242 862 2317; x_wconf 88' lang='lat' dir='ltr'>velint,</span> <span class='ocrx_word' id='word_1_161' title='bbox 884 2242 1009 2321; x_wconf 90' lang='lat' dir='ltr'>propius</span> <span class='ocrx_word' id='word_1_162' title='bbox 1026 2245 1095 2309; x_wconf 90' lang='lat' dir='ltr'>fore</span> <span class='ocrx_word' id='word_1_163' title='bbox 1107 2267 1160 2311; x_wconf 91' lang='lat' dir='ltr'>eos</span> 
     </span>
    </p>

    <p class='ocr_par' dir='ltr' id='par_1_5' title="bbox 222 2323 1218 2906">
     <span class='ocr_line' id='line_1_25' title="bbox 222 2323 1158 2407; baseline -0.002 -19"><span class='ocrx_word' id='word_1_164' title='bbox 222 2391 225 2398; x_wconf 69' lang='grc'>,</span> <span class='ocrx_word' id='word_1_165' title='bbox 329 2326 448 2403; x_wconf 87' lang='lat' dir='ltr'>quidem</span> <span class='ocrx_word' id='word_1_166' title='bbox 461 2327 497 2389; x_wconf 88' lang='lat' dir='ltr'>ad</span> <span class='ocrx_word' id='word_1_167' title='bbox 513 2327 737 2407; x_wconf 73' lang='lat' dir='ltr'>respirandum,</span> <span class='ocrx_word' id='word_1_168' title='bbox 749 2327 799 2405; x_wconf 92' lang='lat' dir='ltr'>qui</span> <span class='ocrx_word' id='word_1_169' title='bbox 812 2325 848 2387; x_wconf 89' lang='lat' dir='ltr'>ad</span> <span class='ocrx_word' id='word_1_170' title='bbox 864 2323 1014 2391; x_wconf 86' lang='lat' dir='ltr'>summam</span> <span class='ocrx_word' id='word_1_171' title='bbox 1030 2324 1100 2406; x_wconf 87' lang='lat' dir='ltr'>jam</span> <span class='ocrx_word' id='word_1_172' title='bbox 1123 2349 1158 2393; x_wconf 78' lang='lat' dir='ltr'>a-</span> 
     </span>
     <span class='ocr_line' id='line_1_26' title="bbox 330 2407 1218 2491; baseline 0 -20"><span class='ocrx_word' id='word_1_173' title='bbox 330 2424 423 2488; x_wconf 89' lang='lat' dir='ltr'>quam</span> <span class='ocrx_word' id='word_1_174' title='bbox 434 2412 688 2491; x_wconf 83' lang='lat' dir='ltr'>appropinquant,</span> <span class='ocrx_word' id='word_1_175' title='bbox 719 2407 767 2472; x_wconf 90' lang='lat' dir='ltr'>sed</span> <span class='ocrx_word' id='word_1_176' title='bbox 788 2407 988 2485; x_wconf 87' lang='lat' dir='ltr'>nihilomagis</span> <span class='ocrx_word' id='word_1_177' title='bbox 1012 2408 1157 2487; x_wconf 85' lang='lat' dir='ltr'>respirare</span> <span class='ocrx_word' id='word_1_178' title='bbox 1217 2430 1218 2471; x_wconf 76' lang='grc'>;</span> 
     </span>
     <span class='ocr_line' id='line_1_27' title="bbox 327 2488 1218 2576; baseline -0.001 -22"><span class='ocrx_word' id='word_1_179' title='bbox 327 2489 422 2573; x_wconf 82' lang='lat' dir='ltr'>polle,</span> <span class='ocrx_word' id='word_1_180' title='bbox 436 2512 526 2576; x_wconf 89' lang='lat' dir='ltr'>quam</span> <span class='ocrx_word' id='word_1_181' title='bbox 538 2512 601 2567; x_wconf 87' lang='lat' dir='ltr'>eos,</span> <span class='ocrx_word' id='word_1_182' title='bbox 622 2494 673 2576; x_wconf 91' lang='lat' dir='ltr'>qui</span> <span class='ocrx_word' id='word_1_183' title='bbox 692 2490 807 2557; x_wconf 91' lang='lat' dir='ltr'>suntin</span> <span class='ocrx_word' id='word_1_184' title='bbox 820 2488 994 2571; x_wconf 82' lang='lat' dir='ltr'>profundo?</span> <span class='ocrx_word' id='word_1_185' title='bbox 1018 2491 1095 2557; x_wconf 91' lang='lat' dir='ltr'>nihil</span> <span class='ocrx_word' id='word_1_186' title='bbox 1107 2513 1156 2556; x_wconf 81' lang='lat' dir='ltr'>er·</span> <span class='ocrx_word' id='word_1_187' title='bbox 1217 2550 1218 2553; x_wconf 74' lang='grc'>,</span> 
     </span>
     <span class='ocr_line' id='line_1_28' title="bbox 323 2572 1218 2659; baseline 0.002 -20"><span class='ocrx_word' id='word_1_188' title='bbox 323 2591 367 2655; x_wconf 78' lang='lat' dir='ltr'>go</span> <span class='ocrx_word' id='word_1_189' title='bbox 380 2575 500 2659; x_wconf 76' lang='lat' dir='ltr'>adJuvat</span> <span class='ocrx_word' id='word_1_190' title='bbox 512 2574 679 2655; x_wconf 88' lang='lat' dir='ltr'>procedere,</span> <span class='ocrx_word' id='word_1_191' title='bbox 695 2572 724 2640; x_wconf 75' lang='grc' dir='ltr'>δι</span> <span class='ocrx_word' id='word_1_192' title='bbox 739 2573 876 2654; x_wconf 88' lang='lat' dir='ltr'>progredi</span> <span class='ocrx_word' id='word_1_193' title='bbox 891 2574 924 2637; x_wconf 90' lang='lat' dir='ltr'>in</span> <span class='ocrx_word' id='word_1_194' title='bbox 942 2573 1069 2649; x_wconf 88' lang='lat' dir='ltr'>virtute,</span> <span class='ocrx_word' id='word_1_195' title='bbox 1093 2594 1157 2655; x_wconf 90' lang='lat' dir='ltr'>quo</span> <span class='ocrx_word' id='word_1_196' title='bbox 1217 2618 1218 2643; x_wconf 62' lang='lat' dir='ltr'>r</span> 
     </span>
     <span class='ocr_line' id='line_1_29' title="bbox 324 2652 1152 2737; baseline -0.002 -14"><span class='ocrx_word' id='word_1_197' title='bbox 324 2660 429 2725; x_wconf 85' lang='lat' dir='ltr'>minus</span> <span class='ocrx_word' id='word_1_198' title='bbox 449 2659 630 2723; x_wconf 86' lang='lat' dir='ltr'>miserrimus</span> <span class='ocrx_word' id='word_1_199' title='bbox 653 2652 702 2735; x_wconf 86' lang='lat' dir='ltr'>fit,</span> <span class='ocrx_word' id='word_1_200' title='bbox 722 2670 884 2735; x_wconf 86' lang='lat' dir='ltr'>antequam</span> <span class='ocrx_word' id='word_1_201' title='bbox 900 2654 936 2717; x_wconf 91' lang='lat' dir='ltr'>ad</span> <span class='ocrx_word' id='word_1_202' title='bbox 953 2675 1022 2725; x_wconf 86' lang='lat' dir='ltr'>eam</span> <span class='ocrx_word' id='word_1_203' title='bbox 1044 2677 1152 2737; x_wconf 80' lang='lat' dir='ltr'>perve-</span> 
     </span>
     <span class='ocr_line' id='line_1_30' title="bbox 322 2738 1155 2827; baseline 0.002 -24"><span class='ocrx_word' id='word_1_204' title='bbox 322 2744 416 2816; x_wconf 88' lang='lat' dir='ltr'>nerit,</span> <span class='ocrx_word' id='word_1_205' title='bbox 438 2742 624 2827; x_wconf 83' lang='lat' dir='ltr'>quoniamin</span> <span class='ocrx_word' id='word_1_206' title='bbox 637 2758 712 2819; x_wconf 90' lang='lat' dir='ltr'>aqua</span> <span class='ocrx_word' id='word_1_207' title='bbox 725 2738 800 2803; x_wconf 89' lang='lat' dir='ltr'>nibil</span> <span class='ocrx_word' id='word_1_208' title='bbox 821 2738 959 2819; x_wconf 87' lang='lat' dir='ltr'>adjuvat:</span> <span class='ocrx_word' id='word_1_209' title='bbox 995 2739 1155 2819; x_wconf 87' lang='lat' dir='ltr'>&amp;qnoni-</span> 
     </span>
     <span class='ocr_line' id='line_1_31' title="bbox 323 2820 1151 2906; baseline -0.002 -17"><span class='ocrx_word' id='word_1_210' title='bbox 323 2842 375 2889; x_wconf 79' lang='lat' dir='ltr'>am</span> <span class='ocrx_word' id='word_1_211' title='bbox 393 2822 498 2900; x_wconf 83' lang='lat' dir='ltr'>catuli,</span> <span class='ocrx_word' id='word_1_212' title='bbox 520 2824 571 2903; x_wconf 89' lang='lat' dir='ltr'>qui</span> <span class='ocrx_word' id='word_1_213' title='bbox 583 2823 648 2906; x_wconf 88' lang='lat' dir='ltr'>jam</span> <span class='ocrx_word' id='word_1_214' title='bbox 666 2820 832 2903; x_wconf 71' lang='lat' dir='ltr'>despesluri</span> <span class='ocrx_word' id='word_1_215' title='bbox 850 2821 935 2894; x_wconf 90' lang='lat' dir='ltr'>sunt,</span> <span class='ocrx_word' id='word_1_216' title='bbox 946 2822 1026 2887; x_wconf 89' lang='lat' dir='ltr'>caeci</span> <span class='ocrx_word' id='word_1_217' title='bbox 1044 2842 1151 2903; x_wconf 88' lang='lat' dir='ltr'>aeque,</span> 
     </span>
    </p>

    <p class='ocr_par' dir='ltr' id='par_1_6' title="bbox 318 2902 1153 3147">
     <span class='ocr_line' id='line_1_32' title="bbox 323 2902 1152 2987; baseline 0 -16"><span class='ocrx_word' id='word_1_218' title='bbox 323 2905 355 2971; x_wconf 77' lang='lat' dir='ltr'>u</span> <span class='ocrx_word' id='word_1_219' title='bbox 373 2908 406 2984; x_wconf 84' lang='lat' dir='ltr'>ii,</span> <span class='ocrx_word' id='word_1_220' title='bbox 427 2906 478 2987; x_wconf 90' lang='lat' dir='ltr'>qui</span> <span class='ocrx_word' id='word_1_221' title='bbox 492 2908 585 2969; x_wconf 90' lang='lat' dir='ltr'>modo</span> <span class='ocrx_word' id='word_1_222' title='bbox 602 2906 665 2971; x_wconf 93' lang='lat' dir='ltr'>nati</span> <span class='ocrx_word' id='word_1_223' title='bbox 674 2929 686 2977; x_wconf 76' lang='lat'>3</span> <span class='ocrx_word' id='word_1_224' title='bbox 719 2902 881 2974; x_wconf 85' lang='lat' dir='ltr'>Platonem</span> <span class='ocrx_word' id='word_1_225' title='bbox 903 2920 1024 2981; x_wconf 90' lang='lat' dir='ltr'>quoque</span> <span class='ocrx_word' id='word_1_226' title='bbox 1037 2903 1152 2973; x_wconf 80' lang='lat' dir='ltr'>necesse</span> 
     </span>
     <span class='ocr_line' id='line_1_33' title="bbox 318 2985 1153 3071; baseline -0.005 -18"><span class='ocrx_word' id='word_1_227' title='bbox 318 2988 375 3064; x_wconf 85' lang='lat' dir='ltr'>est,</span> <span class='ocrx_word' id='word_1_228' title='bbox 397 2990 541 3071; x_wconf 85' lang='lat' dir='ltr'>quoniam</span> <span class='ocrx_word' id='word_1_229' title='bbox 562 2988 703 3053; x_wconf 90' lang='lat' dir='ltr'>nondum</span> <span class='ocrx_word' id='word_1_230' title='bbox 716 2986 832 3057; x_wconf 88' lang='lat' dir='ltr'>videbat</span> <span class='ocrx_word' id='word_1_231' title='bbox 850 2985 1038 3066; x_wconf 84' lang='lat' dir='ltr'>sapientiam,</span> <span class='ocrx_word' id='word_1_232' title='bbox 1058 3006 1153 3069; x_wconf 83' lang='lat' dir='ltr'>aeque</span> 
     </span>
     <span class='ocr_line' id='line_1_34' title="bbox 319 3066 899 3147; baseline -0.002 -13"><span class='ocrx_word' id='word_1_233' title='bbox 319 3092 444 3144; x_wconf 78' lang='lat' dir='ltr'>caecum</span> <span class='ocrx_word' id='word_1_234' title='bbox 461 3074 579 3147; x_wconf 89' lang='lat' dir='ltr'>animo,</span> <span class='ocrx_word' id='word_1_235' title='bbox 595 3090 629 3134; x_wconf 93' lang='lat' dir='ltr'>ac</span> <span class='ocrx_word' id='word_1_236' title='bbox 642 3068 792 3137; x_wconf 87' lang='lat' dir='ltr'>Phalarim</span> <span class='ocrx_word' id='word_1_237' title='bbox 804 3066 899 3133; x_wconf 85' lang='lat' dir='ltr'>fuisse.</span> 
     </span>
    </p>

    <p class='ocr_par' dir='ltr' id='par_1_7' title="bbox 316 3148 1150 3390">
     <span class='ocr_line' id='line_1_35' title="bbox 360 3148 1150 3226; baseline 0 -11"><span class='ocrx_word' id='word_1_238' title='bbox 360 3152 489 3221; x_wconf 86' lang='lat' dir='ltr'>XXIV.</span> <span class='ocrx_word' id='word_1_239' title='bbox 511 3152 623 3216; x_wconf 77' lang='lat' dir='ltr'>isra</span> <span class='ocrx_word' id='word_1_240' title='bbox 652 3150 849 3220; x_wconf 38' lang='lat' dir='ltr'>fimiliavnon</span> <span class='ocrx_word' id='word_1_241' title='bbox 869 3152 955 3226; x_wconf 91' lang='lat' dir='ltr'>sunt,</span> <span class='ocrx_word' id='word_1_242' title='bbox 984 3148 1086 3217; x_wconf 84' lang='lat' dir='ltr'>Cato:</span> <span class='ocrx_word' id='word_1_243' title='bbox 1116 3155 1150 3225; x_wconf 83' lang='lat' dir='ltr'>in</span> 
     </span>
     <span class='ocr_line' id='line_1_36' title="bbox 316 3230 1147 3390; baseline 0 -89"><span class='ocrx_word' id='word_1_244' title='bbox 316 3235 419 3323; x_wconf 82' lang='lat' dir='ltr'>quibus</span> <span class='ocrx_word' id='word_1_245' title='bbox 437 3237 573 3323; x_wconf 84' lang='lat' dir='ltr'>quamvis</span> <span class='ocrx_word' id='word_1_246' title='bbox 589 3235 727 3306; x_wconf 79' lang='lat' dir='ltr'>multum</span> <span class='ocrx_word' id='word_1_247' title='bbox 740 3230 921 3323; x_wconf 80' lang='lat' dir='ltr'>precellens,</span> <span class='ocrx_word' id='word_1_248' title='bbox 952 3244 1056 3307; x_wconf 81' lang='lat' dir='ltr'>tamen</span> <span class='ocrx_word' id='word_1_249' title='bbox 1067 3236 1147 3390; x_wconf 62' lang='lat' dir='ltr'>mill</span> 
     </span>
    </p>
   </div>
   <div class='ocr_carea' id='block_1_4' title="bbox 0 0 1376 3909">
    <p class='ocr_par' dir='ltr' id='par_1_8' title="bbox 0 0 1376 3909">
     <span class='ocr_line' id='line_1_37' title="bbox 0 0 1376 3909; baseline 0 8"><span class='ocrx_word' id='word_1_250' title='bbox 0 0 1376 3909; x_wconf 95' lang='lat' dir='ltr'> </span> 
     </span>
    </p>
   </div>
  </div>
 </body>
</html>
