2742 3909
475 332 645 404 Linon
686 330 748 404 ttt.
948 360 1024 424 ,πμ
1120 373 1125 383 -

192 438 370 523 praeposta
383 440 450 519 esl'e,
472 464 538 507 non
555 447 655 505 bona:
678 445 807 527 itemque
819 436 881 522 illa,
902 453 1027 529 quaein

188 546 331 605 corpore
353 529 547 603 excellerent,
580 528 667 589 liulte
687 531 825 607 antiquos
856 530 958 596 dixisse
974 553 1027 615 per

187 610 224 673 se
239 606 300 671 esse
313 612 494 688 expetenda:
507 611 536 672 tc
552 611 692 673 sumenda
704 616 817 691 potius,
826 631 916 693 quam
929 635 1023 696 expea

188 693 301 754 tenda.
322 694 483 774 eademqne
498 695 534 756 de
547 693 633 756 omni
652 693 726 768 vita,
746 697 864 776 quaein
879 714 939 761 una
958 700 1021 772 uit·
1069 716 1075 725 ·

185 787 262 837 tute
275 772 462 838 confisteret:
494 776 576 838 illam
589 777 706 851 -vitam,
727 796 802 857 quae
814 779 904 840 etiam
916 784 1020 849 ceteris

181 859 292 930 rebus,
313 876 388 936 quae
399 855 492 922 client
504 858 668 923 secundum
678 871 828 935 naturam,
843 860 1017 941 abundaret,

181 941 289 1017 magis
302 943 502 1019 expetendam
529 960 595 1004 non
617 938 684 1013 else,
707 941 754 1003 sed
777 945 871 1022 magis
894 943 1017 1025 sumen-

177 1024 276 1085 dam:
308 1040 437 1104 cumque
455 1023 514 1107 ipsa
533 1026 627 1086 virtus
646 1020 753 1088 efficiat
774 1027 815 1089 ita
838 1026 953 1090 beatam
966 1031 1015 1094 vl-

174 1118 262 1179 tam,
284 1116 321 1166 ut
345 1107 459 1170 beatior
479 1102 535 1171 ell'e
555 1124 619 1169 non
633 1102 733 1185 possit,
755 1118 855 1176 tamen
869 1112 1012 1188 quaedam

174 1184 277 1252 deesse
289 1186 478 1266 sapientibus,
498 1199 578 1263 tum,
598 1208 671 1251 cum
685 1188 754 1251 sunt
766 1189 916 1255 beatissimi
931 1194 1009 1259 :ita-

174 1288 238 1350 que
257 1290 311 1332 eos
324 1270 353 1331 id
366 1289 464 1350 agere,
484 1284 520 1335 ut
533 1292 550 1334 a
563 1272 591 1334 se
604 1270 734 1348 dotores,
758 1276 891 1352 morbos,
904 1276 1008 1341 debill³

169 1366 255 1417 tates
271 1347 426 1431 repellant.
714 1398 717 1407 ·
993 1406 996 1411 -

211 1433 282 1499 tx.
307 1433 341 1498 Ο
362 1450 569 1499 renonent
589 1437 653 1498 vim
679 1436 710 1496 in
732 1437 804 1512 enii,
828 1430 1004 1523 causarisque

162 1514 298 1599 justam,
313 1537 367 1580 cut
378 1538 460 1583 nova
472 1518 618 1583 exsisteret
630 1454 803 1597 diciplina!
824 1516 916 1600 Perge
929 1542 1001 1602 por-

166 1616 218 1663 ro.
242 1600 405 1682 sequentur
425 1601 521 1677 enim,
548 1620 624 1682 quae
645 1614 678 1664 tn
698 1599 883 1667 scientislime
910 1620 998 1673 com-

163 1682 281 1828 flexus
290 1701 334 1758 et,
356 1703 481 1749 omnem
493 1680 704 1764 insipientiam,
720 1683 750 1748 br
763 1683 949 1768 injustitiam,
963 1710 997 1752 a⁴

177 1768 209 1830 ia
223 1768 300 1831 vitia
312 1762 415 1831 limilia
428 1763 495 1843 esse,
516 1763 678 1849 omniaque
690 1782 810 1848 peccata
826 1766 880 1833 ell'e
901 1774 995 1851 paria,

159 1849 288 1929 eosque,
302 1850 354 1941 qui
364 1864 482 1926 natura,
495 1849 688 1933 dodltinaque
699 1842 792 1929 longe
804 1852 839 1915 ad
852 1854 998 1925 virtutem

158 1929 380 2013 procellillent,
412 1930 465 1998 nib
491 1952 559 1997 earn
585 1929 674 2012 plene
705 1934 858 1997 consecuti
885 1933 992 2019 ett'ent,
1045 1974 1047 1977 ·

158 2013 285 2079 summe
294 2011 350 2079 eli'e
362 2016 494 2092 mdooe,
515 2031 611 2093 neque
623 2015 700 2081 inter
716 2014 994 2092 eorumdum&

158 2090 465 2179 improbissimorum,
492 2097 653 2180 quidquam
678 2096 810 2177 omnino
836 2095 990 2183 intendet

158 2194 193 2244 ut
218 2179 325 2257 Plato,
347 2181 584 2255 tentusillevir,
614 2175 769 2261 sisapiens
791 2196 856 2243 non
883 2180 987 2260 suerit,

158 2263 260 2329 nihilo
272 2263 394 2344 melius,
405 2282 495 2344 quam
507 2251 848 2344 quirisimprobilstnurt,
863 2276 919 2327 nec
929 2265 993 2330 be-·

158 2347 241 2410 atius
254 2348 376 2410 vixerit.
421 2345 506 2410 Haec
524 2342 662 2409 videlicet
672 2343 714 2408 eil
723 2343 872 2411 concerto
885 2346 987 2431 pbilo-

158 2426 281 2509 sophiae
294 2430 413 2504 veteris,
429 2430 459 2494 δι
472 2428 651 2496 emendatio.
683 2444 759 2509 quae
770 2428 901 2493 omnino
920 2431 984 2495 adi·

158 2523 224 2575 turn
237 2506 347 2577 habere
366 2511 488 2581 nullum
513 2510 610 2594 potest
623 2513 655 2577 in
666 2508 785 2601 urbem,
805 2512 846 2579 in·
864 2502 982 2591 sotum,

158 2599 185 2658 ur
206 2596 336 2659 curiam
357 2595 423 2679 quis
443 2596 526 2659 enim
539 2594 612 2658 serre
632 2590 727 2675 pollet
748 2596 790 2658 ita
801 2584 979 2675 loquentem

158 2686 239 2754 eum,
261 2680 315 2757 qui
327 2677 357 2743 se
379 2677 635 2753 aulloremritae,
656 2676 798 2759 graviter,
815 2674 848 2740 ’δι
861 2677 977 2758 sapien-

159 2779 196 2825 er
218 2762 365 2841 agendae,
385 2758 587 2843 profiteretur,
615 2760 864 2825 nomina·rerum
890 2780 979 2829 oom-

158 2856 348 2908 nutantem:
368 2861 498 2927 cumque
519 2844 598 2907 idern
613 2840 745 2917 sentiret,
764 2843 993 2925 quodomnen·

158 2926 256 3008 pibus
267 2929 354 2992 rebus
365 2929 490 2992 eandem
511 2929 576 2991 vim
598 2921 748 2999 tribueret,
769 2922 825 2987 alia
848 2929 976 2993 nornine

158 3023 376 3092 mponentem,
397 3012 486 3075 verba
498 3010 593 3073 modo
603 3018 784 3083 mutantem,
804 3006 841 3071 de
853 3010 975 3089 opinio·

158 3093 233 3157 thus
255 3090 334 3157 nihil
350 3087 576 3157 detrahentem?
606 3084 919 3168 Patronusnecautae,
940 3090 991 3157 tn*
1086 3122 1090 3129 ·

158 3175 271 3263 pilogo
284 3195 343 3260 pro
361 3195 412 3239 reo
424 3178 535 3251 dicens,
558 3185 677 3255 negaret
698 3168 755 3238 efl'e
766 3170 881 3237 malum
893 3172 972 3242 exfi-

158 3277 230 3337 um,
261 3258 499 3343 publicationem
521 3254 698 3402 1lnporum?
734 3250 971 3417 baecrejlclenfftla

905 3362 921 3404 e
944 3358 975 3418 e,
