2742 3909
443 354 610 424 Lrnnn
653 354 740 427 V.'
945 381 1004 455 ¹59

171 458 251 533 mis,
274 458 408 521 maxime
434 460 516 540 quod
534 459 556 520 is
579 458 664 521 locus
685 458 720 521 ab
748 458 834 522 omni
861 463 946 526 turba
971 465 1002 529 id

170 543 320 620 temporis
342 546 453 603 vacuus
471 539 550 604 ell'et.
606 539 711 623 ltaque
724 544 758 605 ad
774 556 890 623 tempus
903 544 938 609 ad
951 544 1002 611 Pi-

171 626 283 685 sonem
310 632 425 686 omnes.
460 625 529 686 inde
556 626 638 686 vario
665 626 801 687 sermone
822 625 872 688 sex
906 628 957 692 illa
983 652 1001 695 a

170 701 298 789 Dipylo
325 707 413 768 stadia
439 707 633 769 confecimus.
674 726 747 769 cum
774 720 875 772 aurem
903 712 998 775 venis-

172 788 275 851 semus
288 792 319 851 in
344 790 551 865 Academiam,
572 809 637 851 non
660 786 721 852 fine
743 792 826 853 causa
844 793 1000 861 nobilitata

168 870 277 949 spatia,
299 870 429 951 solitudo
441 885 557 946 eratea,
576 891 667 952 quam
679 871 878 937 volueramus.
907 874 999 943 Tum

168 950 257 1028 Piso,
281 952 437 1019 Naturane
447 955 531 1019 nobis
546 954 619 1029 hoc,
642 956 751 1035 inquit,
772 957 876 1020 datum
888 958 997 1038 dicam,

169 1054 210 1099 an
235 1056 334 1100 errore
348 1039 495 1116 quodam:
529 1051 577 1112 ut,
598 1057 670 1100 cum
688 1038 721 1100 ea
742 1037 809 1101 loca
834 1039 998 1121 videamus,

169 1120 201 1181 in
216 1120 324 1200 quibus
339 1121 484 1183 memoria
496 1119 601 1198 dignos
613 1121 693 1182 viros
706 1122 903 1199 acceperimus
916 1126 997 1189 mul·

165 1197 240 1265 'tum
272 1200 329 1265 elle
348 1203 489 1278 versatos,
518 1203 611 1282 magis
635 1221 823 1280 moveamur,
845 1225 937 1288 quam
958 1204 995 1270 fi-

164 1286 292 1367 'quando
314 1305 420 1348 eorum
443 1286 576 1365 ipsorum
589 1298 640 1348 aut
662 1285 738 1349 facia
759 1291 922 1364 audiamus,
943 1305 996 1357 aut

164 1363 317 1448 'scriptum
336 1368 455 1451 aliquod
473 1367 622 1446 legamus?
657 1367 739 1431 velut
752 1388 808 1449 ego
823 1391 906 1434 nunc
924 1392 993 1438 mo-

164 1468 252 1515 veor.
288 1452 481 1529 venitenim
513 1449 587 1511 mihi
613 1448 748 1513 Platonis
774 1454 806 1515 in
839 1469 992 1523 mentem:

163 1541 256 1612 quem
270 1530 438 1613 accepimus
459 1534 593 1614 primum
616 1534 663 1595 hic
678 1534 823 1614 disputare
847 1536 992 1603 solitum:

163 1616 248 1697 cujus
263 1617 355 1679 etiam
367 1616 411 1680 illi
424 1616 538 1678 hortuli
551 1616 712 1698 propinqui
731 1636 794 1680 non
813 1622 991 1687 memoriam

162 1699 265 1781 ¹solum
286 1699 361 1762 mihi
395 1696 548 1773 afferunt;
584 1698 632 1761 sed
658 1699 756 1777 ipsum
783 1701 921 1765 videntur
957 1706 991 1772 in

162 1781 329 1863 conspectu
343 1801 413 1847 meo
432 1782 480 1845 hic
494 1801 612 1861 ponere.
644 1782 694 1843 hic
721 1780 907 1865 Speusippus,
942 1786 992 1854 hic

161 1849 366 1939 Xenocrates,
387 1866 435 1929 hic
448 1864 508 1947 ejus
521 1867 638 1927 auditor
659 1862 804 1929 Polemo:
834 1868 917 1951 cujus
929 1870 991 1951 ipsa

161 1946 208 2033 illa
222 1943 308 2011 seffio
326 1946 394 2023 fuit,
416 1965 505 2026 quam
519 1949 662 2011 videmus,
684 1950 819 2027 equidem
831 1950 921 2015 etiam
933 1973 988 2017 cu-

161 2024 233 2095 riam
262 2030 409 2104 nostram,
446 2028 606 2093 Hostiliam
623 2031 703 2103 dicu,
743 2049 807 2093 non
825 2032 903 2095 hanc
929 2054 988 2097 no·

161 2127 242 2189 ram,
265 2132 343 2193 quae
356 2113 430 2175 mihi
452 2114 552 2176 minor
574 2108 629 2174 efl'e
647 2110 777 2187 videtur,
799 2112 990 2192 posteaquam

161 2198 197 2272 :st
211 2194 334 2278 major;
365 2193 494 2259 solebam
511 2195 643 2267 intuens,
671 2190 856 2273 Scipionem,
882 2195 990 2263 'Cato-⁸

161 2298 245 2354 uem,
271 2273 424 2367 Laelium,
455 2277 593 2341 nostrum
620 2278 744 2339 veroin
771 2278 872 2356 primis
893 2300 989 2349 avum

161 2364 305 2442 cogitare.
350 2358 458 2423 Tanta
469 2361 512 2422 vis
528 2360 743 2423 admonitionis
756 2358 829 2423 inest
841 2360 877 2423 in'
886 2362 985 2441 locis;

161 2459 280 2508 utnon
299 2440 360 2506 line
380 2442 465 2506 causa
482 2460 522 2507 ex
536 2444 580 2506 his
602 2444 763 2507 memoriae
775 2441 864 2507 dudia
880 2440 915 2508 fit
928 2446 985 2510 dis·

161 2527 279 2625 :iplina
324 2523 417 2589 Tum
434 2524 582 2607 Quintus,
604 2521 656 2587 Est
670 2524 769 2605 plane,
790 2525 872 2602 Piso,
893 2540 927 2593 ut
941 2530 987 2593 di·
1030 2534 1033 2543 ⁴

161 2619 206 2686 as,
228 2607 341 2687 inquit.
373 2628 445 2671 nam
458 2629 506 2671 me
517 2608 616 2687 ipsum
629 2611 689 2673 huc
706 2610 798 2672 modo
812 2609 987 2679 venientem

161 2691 353 2757 :onvertebat
370 2692 407 2753 ad
423 2690 480 2755 ieie
494 2690 652 2756 Coloneus
666 2691 717 2755 ille
727 2691 825 2768 locus,
846 2693 987 2777 cujusin·

161 2777 222 2839 :ola
243 2771 411 2853 Sophocles
430 2774 469 2834 ob
483 2774 588 2837 oculos
610 2776 794 2837 versabatur:
827 2778 919 2856 quem
932 2777 986 2843 scis

161 2876 245 2939 ruam
259 2857 399 2931 admirer,
411 2873 559 2937 quamque
572 2857 754 2921 eo'deledier.
766 2879 814 2921 me
823 2860 941 2937 quidem
949 2865 987 2927 ad

161 2940 298 3005 tltiorem
316 2939 495 3001 memoriam
520 2938 685 3019 Oedipodis
698 2942 758 3003 huc
772 2942 930 3019 venientis,
953 2945 985 3009 δι

162 3022 205 3086 llo
220 3016 402 3087 mollillrmo
413 3021 556 3098 carmine,
578 3042 724 3103 quaenam
738 3020 829 3087 ellent
841 3024 902 3104 ipsa
912 3025 984 3093 haec

161 3116 244 3181 oca,'
269 3105 460 3184 requirentis,
491 3103 598 3183 species
632 3107 775 3187 quaedam
799 3112 989 3186 commovit,

162 3190 250 3253 nanis
284 3186 410 3262 scilicet,
445 3185 493 3248 sed
529 3190 702 3251 commovit
723 3202 834 3255 tamen.
892 3188 984 3257 Tum

161 3265 359 3351 Pomponius,
381 3268 428 3334 At
440 3286 510 3350 ego,
531 3289 621 3353 quem
639 3289 707 3349 vos,
728 3284 763 3338 ut
783 3271 916 3366 deditum
939 3270 983 3337 E-

397 3364 403 3371 ·
698 3384 701 3391 ·
863 3364 982 3434 plc'urO,
