2742 3909
357 350 417 417 116
501 339 823 413 uotiuum«.
849 337 905 405 tit
928 339 1052 408 Mnt.

356 447 388 517 sc
399 442 541 521 recrtsare,
554 444 739 525 quominus,
759 436 826 521 ipfis
834 440 965 503 mortuis
980 453 1137 507 tertarum
1159 461 1192 506 o·

358 531 481 599 mnium
513 524 684 607 deflagratio
713 523 929 603 consequatur:
963 523 1048 603 quod
1077 526 1193 607 rugari

357 612 492 696 quodam
501 608 589 673 versu
603 604 727 673 Graeco
742 604 934 687 pronuntiari
944 603 1030 668 solet.
1045 622 1133 672 certe
1143 628 1189 671 ve

357 714 432 759 rum
455 691 511 769 est,
544 692 637 757 etiam
657 691 705 766 iis,
734 688 788 771 qui
808 686 969 765 aliquando
994 685 1095 753 futuri
1122 688 1188 766 fint,

360 774 553 925 cffffiopter
566 773 644 855 ipsos
656 770 889 838 consuendum
947 852 955 865 .

474 904 483 922 .
511 854 571 921 Ex
589 856 645 919 hac
670 857 846 920 animorum
855 848 1018 916 affectione
1028 850 1188 920 testamen·

359 954 423 1021 ta„
433 938 717 1007 commendationes
731 956 770 1001 ue
790 934 991 1001 morientium
1007 948 1100 1000 natae
1113 938 1190 1002 sunt.

359 1026 502 1109 quodque
520 1040 614 1087 nemo
635 1022 669 1085 in
682 957 852 1089 ,solitudine
873 1018 972 1082 vitam
992 1034 1083 1097 agere
1105 1020 1190 1116 velit,
1215 996 1217 1058 l

359 1128 403 1175 ne
413 1126 487 1172 cum
499 1102 618 1169 infinita
630 1103 752 1186 quidem
767 1100 964 1179 voluptatum
973 1100 1189 1181 ‚abunduntm

357 1188 448 1255 facile
457 1185 647 1267 intelligitur,
662 1204 720 1248 noo
732 1183 769 1247 ad
781 1180 1050 1326 ootgjuntlionem,
1061 1202 1191 1267 congre·

360 1265 830 1353 ganonemquehonnnum,&a
865 1264 1039 1329 natur-tuem
1049 1284 1193 1331 commu·

358 1354 490 1419 nitatem
511 1346 567 1443 else
584 1364 682 1447 notos.
734 1345 1050 1446 Impellimureautem
1071 1361 1191 1445 tratura,

273 1556 277 1563 .
360 1427 1192 1609 lettitttnrtlldluuruu

324 1638 326 1643 ·
360 1614 454 1683 taque
476 1617 543 1665 uon
565 1598 650 1664 facile
668 1595 711 1662 est
726 1612 876 1669 invenire,
905 1614 959 1676 qur
980 1598 1069 1678 quod
1083 1596 1156 1661 sciat
1168 1600 1191 1661 i·

362 1684 431 1764 pse,
450 1682 624 1746 non-tradat
637 1678 732 1743 alteri.
775 1672 824 1740 Ita
836 1694 902 1739 non
914 1676 1017 1742 solum
1030 1680 1071 1743 ad
1081 1680 1191 1744 disten·

362 1766 439 1827 dum
451 1759 589 1843 propensi
603 1762 716 1836 sumus,
737 1776 844 1823 verum
854 1760 952 1823 etiam-
958 1762 998 1824 ad
1007 1762 1187 1827 docendum,

360 1844 467 1927 Atque
481 1856 518 1907 ut
535 1844 625 1908 tauris
637 1856 745 1907 natura
760 1842 867 1906 datum
879 1840 934 1917 est,
955 1855 994 1906 ut
1015 1864 1077 1925 pro
1090 1844 1189 1909 vitulis

360 1940 470 1993 contra
482 1926 584 1991 leonm
605 1926 723 1989 summa
735 1926 780 2001 vi,
794 1925 911 2005 impetu
931 1943 969 1986 ue
978 1930 1188 1993 contendant:

361 2007 403 2075 tic
416 2011 451 2087 ii,
493 2009 524 2072 ui
542 2008 644 2073 valent
666 2008 785 2090 opibus,
797 2019 885 2089 atque
898 1942 931 2069 id
950 2005 1187 2102 fucerepoffunt,

359 2105 398 2159 ut
417 2092 455 2158 de
505 2091 616 2168 ercule,
635 2090 666 2154 δι
688 2091 724 2154 de
738 2088 848 2157 Libero
873 2105 1060 2169 accepimus,
1081 2095 1124 2171 ad
1140 2094 1190 2157 set·

360 2176 498 2240 vandum
511 2193 605 2255 genus
617 2174 780 2237 hominum
792 2184 899 2235 natura
907 2173 1090 2259 incitantur.
1135 2177 1190 2238 At·

359 2276 424 2341 que
440 2258 545 2333 etiarn,
566 2253 681 2339 Jovem
699 2270 771 2319 cum
789 2255 943 2335 optimum
964 2255 996 2320 δι
1019 2258 1191 2323 maximum

359 2340 501 2417 dicimus,
521 2358 650 2421 cumque
667 2337 795 2401 eundem
807 2336 976 2414 salutarem,
995 2337 1189 2421 hospitalem,

362 2422 508 2505 statorem
518 2446 529 2496 ς
550 2420 610 2485 hoc
623 2418 753 2500 intelligi
764 2417 919 2495 volumus,
941 2420 1074 2485 salutem
1093 2422 1190 2488 homi-

361 2502 441 2571 num
454 2507 487 2569 in
499 2498 559 2589 ejus
571 2498 628 2567 effe
641 2501 746 2570 tutela.
789 2498 925 2565 Minime
942 2514 1048 2567 autem
1075 2526 1188 2571 conve

360 2591 424 2667 nit,
444 2606 516 2652 cum
529 2583 582 2669 ipsi
595 2587 673 2649 inter
689 2601 747 2677 nos
753 2581 870 2667 abjeffi,
882 2582 1079 2670 negloffique
1090 2584 1190 2663 dmm,

406 2668 526 2749 stulare,
546 2682 584 2732 ut
600 2668 653 2733 diis
664 2664 883 2734 immortalibus
899 2668 960 2731 crui
981 2664 1093 2749 fimus,
1114 2672 1190 2737 &tl

388 2752 411 2814 ‘s
426 2750 594 2833 diligamur.
626 2748 880 2835 quemadmodum
890 2748 985 2831 iginu
997 2754 1150 2819 membris
1159 2775 1191 2819 u·

361 2837 459 2900 timur
480 2836 574 2915 prius,
586 2850 677 2917 quam
695 2832 862 2910 didicimus,
891 2830 976 2917 cujus
995 2854 1032 2898 m
1054 2838 1193 2903 utilintit

361 2917 450 2985 causa
461 2916 638 2981 habmmus:
667 2914 708 2981 sic
721 2917 800 2981 inter
812 2928 988 2980 nosnatura
1004 2917 1045 2981 au
1069 2920 1191 2987 civilem

361 2998 615 3071 communitatem
644 2998 815 3081 conjundli,
843 2995 1063 3065 &consociati
1079 3002 1192 3069 sumtu.

361 3086 446 3168 quod
465 3084 497 3165 ni
516 3084 558 3147 ita
581 3082 610 3147 se
631 3080 760 3157 haberet,
791 3100 848 3145 nec
861 3080 991 3165 justitiae
1008 3082 1098 3149 ullus
1110 3083 1191 3161 effer,

362 3186 421 3229 nec
445 3164 574 3229 bonitati
605 3164 700 3228 locus.
752 3162 796 3227 Et
815 3182 878 3245 quo
902 3166 998 3229 modo
1021 3167 1191 3233 hominum

361 3250 439 3315 iuter
450 3246 591 3311 homino
598 3244 674 3328 juris
686 3240 743 3312 esse
753 3245 877 3315 vincula
891 3259 1017 3329 putant,
1034 3247 1079 3315 fic
1092 3251 1191 3319 homi
