2742 3909
355 314 397 375 το
447 371 463 381 ,Ἴ
498 302 562 370 Dr
586 300 682 371 Flu.
705 298 807 371 Bou.
831 303 1037 379 afr'Mar.

352 414 473 499 quidem
482 409 543 497 ejus
552 422 621 475 nata
630 424 696 473 non
710 400 790 474 edet.
828 405 894 494 ¹Res
906 422 989 487 tota,
1012 412 1201 501 Torquate,

353 514 420 563 non
432 495 594 559 doctorum
608 492 783 570 hominum,
821 492 899 556 velle
920 492 988 575 post
1010 512 1202 565 morteme

350 577 428 667 pulit
440 576 576 643 celebrari
596 576 773 639 memoriam
789 574 833 638 sui
854 578 999 642 nominis.
1023 597 1116 661 quos
1136 586 1201 667 qui-

350 662 420 725 dem
443 661 502 724 dies
528 660 780 739 quemadmodum
802 659 911 743 agada
940 659 1019 725 &in
1042 680 1206 745 quantam

340 744 513 807 'hominum
524 744 689 807 facetorum
710 741 910 807 urbanitatem
930 743 1115 824 incurratis,
1140 768 1201 813 non

351 828 432 891 dico.
476 824 565 889 Nihil
582 842 659 907 opus
667 822 709 887 est
721 824 833 894 litibus.
856 836 978 888 tantum
990 828 1082 904 dico,
1108 834 1200 911 magis

352 906 438 973 fuisse
451 909 583 972 vestrum
597 924 680 986 agere
690 903 814 987 Epicuri
827 906 908 971 diem
921 910 1074 988 natalem,
1104 932 1199 996 quam

351 992 433 1073 illius
449 992 627 1056 testamento
640 1006 757 1066 cavere,
776 1002 813 1051 ut
833 1002 978 1068 ageretur.
1071 1033 1073 1038 -

397 1070 550 1140 xxxss„
567 1071 586 1135 S
598 1090 616 1135 a
629 1088 666 1148 n,
687 1076 723 1141 u't
736 1072 771 1134 ad
784 1070 974 1152 propofitum
986 1085 1196 1154 revertamur,

354 1159 413 1243 (de
426 1157 530 1221 dolore
547 1158 629 1219 enim
643 1173 716 1217 cum
730 1154 904 1232 diceremus,
925 1157 962 1219 ad
974 1156 1063 1221 istam
1080 1162 1195 1240 episto-

352 1240 415 1305 lam
428 1238 517 1303 delati
529 1236 629 1303 sumus
643 1234 653 1317 l
685 1254 769 1301 nunc
783 1250 887 1304 totum
900 1238 975 1302 illud
988 1239 1142 1305 concludi
1157 1241 1196 1307 fic

351 1324 433 1389 licet.
476 1318 584 1403 Qiiin
598 1319 718 1387 summo
744 1320 894 1397 maloest,
925 1322 1038 1385 istum
1057 1342 1139 1387 cum
1163 1329 1195 1391 in

351 1426 391 1472 eo
404 1404 458 1481 est,
481 1422 545 1467 non
559 1404 600 1467 est
613 1406 725 1467 beatur.
746 1403 859 1485 sapiens
871 1414 975 1469 autem
989 1404 1110 1486 semper
1123 1407 1194 1472 ber·

354 1501 403 1553 tus
415 1488 469 1563 est,
491 1486 575 1552 &est
588 1487 747 1569 aliquando
761 1485 792 1549 in
808 1485 921 1550 dolore.
944 1505 1011 1551 non
1034 1488 1082 1552 est
1098 1489 1195 1569 igitur

352 1572 506 1637 summum
516 1568 630 1635 malum
643 1567 741 1633 dolor.
784 1564 858 1649 Jam
869 1569 944 1634 illud
956 1569 1046 1652 quale
1061 1572 1192 1637 tandem

350 1653 415 1720 esti
438 1651 519 1715 Bona
542 1644 708 1730 praeterita
735 1666 789 1713 non
810 1648 918 1742 ffuere
931 1648 1079 1739 sapienti,
1111 1654 1192 1718 mala

352 1730 502 1816 meminiffl
515 1752 568 1795 non
587 1743 723 1813 oportere.
765 1732 905 1799 Primum
918 1736 952 1799 in
965 1735 1114 1801 nostrane
1132 1758 1192 1818 po·

349 1818 455 1881 testate
482 1814 536 1891 est,
578 1817 649 1899 quid
671 1816 922 1883 meminerimus?
957 1816 1191 1885 Themistocle
1219 1825 1220 1834 ’

348 1900 482 1985 quidem,
502 1902 574 1962 'cum
594 1899 620 1963 ei
644 1894 826 1976 Simonides,
846 1913 898 1965 aut
910 1901 976 1983 quis
992 1901 1069 1965 alius
1091 1916 1189 1967 artem

350 1982 513 2049 memoriae
534 1981 737 2065 polliceretur,
772 1982 946 2060 oblivionis,
967 1983 1083 2066 inquit,
1110 1984 1191 2050 rnal-
1219 2001 1221 2032 ³

349 2066 421 2133 lem.
443 2084 515 2132 nam
528 2064 653 2151 memini
666 2064 758 2130 etiam
769 2084 844 2146 quae
855 2065 945 2143 nolo,
965 2066 1107 2132 oblivisci
1123 2088 1188 2133 non

349 2147 468 2233 polium
482 2168 555 2229 quae
567 2149 653 2213 volo.
697 2146 819 2229 Magno
837 2149 887 2215 hic
904 2149 1042 2230 ingenio,
1064 2151 1119 2214 sed
1146 2170 1191 2215 rer

349 2232 388 2298 se'
406 2247 508 2300 tamen
532 2231 696 2308 dehabet,
731 2244 767 2294 ut
792 2233 884 2297 nimia
904 2231 1057 2314 imperioli
1080 2234 1189 2314 philo·

348 2312 434 2381 sohi
459 2314 508 2392 fit,
538 2328 639 2381 vetare
659 2312 833 2379 meminili'e.
881 2316 962 2391 vide,
984 2334 1025 2379 ne
1051 2315 1113 2380 ista
1133 2314 1191 2381 fint

349 2334 510 2467 Manliana
533 2398 646 2474 vestrae
661 2407 715 2460 aut
734 2397 846 2482 majora
868 2399 973 2474 etiam,
1007 2394 1029 2461 fi
1057 2399 1191 2481 imperta

344 2480 536 2567 quodfacere
548 2500 614 2545 non
626 2476 745 2561 polllm.
789 2478 887 2563 Qud,
908 2477 929 2543 fi
947 2479 1041 2544 etiam
1047 2481 1192 2566 jucunda

280 2602 283 2611 =
347 2566 494 2631 memoria
506 2563 548 2629 est
560 2563 789 2645 praeteritomm
801 2560 979 2627 malorum?
1002 2576 1039 2626 ut
1052 2583 1188 2647 prover-

345 2650 394 2713 bia
417 2646 567 2713 nonnulla
580 2646 696 2711 veriora
713 2642 784 2723 fint,
809 2664 902 2728 quam
914 2645 1011 2711 vestra
1026 2648 1191 2729 dogmata.

344 2731 441 2812 vulgo
462 2731 544 2794 enirn
565 2730 685 2805 dicitur,
720 2726 852 2814 Jucundi
878 2727 938 2792 atri
967 2724 1097 2793 iabores:
1135 2749 1192 2796 nec

344 2812 424 2878 male
437 2811 607 2894 Euripides:
628 2809 823 2887 concludam,
852 2808 874 2874 fi
901 2822 1023 2893 potero,
1047 2812 1192 2879 Latine:

345 2892 503 2962 Graecum
516 2896 599 2961 enim
612 2896 695 2958 hunc
712 2893 832 2957 versum
846 2894 938 2979 nostia
952 2912 1085 2959 omnen:

383 2976 485 3045 Suavis
500 2974 624 3041 laborum
632 2974 674 3061 est
687 2974 913 3055 praeteritomm
934 2974 1087 3043 memoria.

340 3062 444 3129 Sedad
456 3064 537 3126 bona
550 3061 706 3142 praeterita
726 3059 888 3125 redeamus.
923 3056 1035 3142 quaed
1057 3082 1077 3124 a
1098 3061 1190 3125 vobis

339 3146 410 3211 talia
421 3146 602 3221 dicerentur,
623 3142 757 3222 qualibus
770 3140 812 3217 C.
838 3140 957 3207 Marius
968 3144 1016 3205 uti
1040 3154 1186 3223 poterat,

337 3242 373 3295 ut
386 3227 540 3310 expulsus,
554 3244 656 3307 egens,
678 3225 710 3290 in
729 3224 837 3305 palude
853 3224 1012 3304 demersus,
1036 3240 1189 3307 tropaeo-

1056 3361 1060 3367 .
1121 3326 1193 3374 rum
