2742 3909
492 328 661 395 LinER
702 330 762 395 IV.
977 360 1032 422 ¹²5

202 433 392 509 sentiuntur,
414 430 487 495 nihil
502 443 735 495 commutantur
755 436 872 509 animo,
893 433 924 497 δι
945 438 1035 505 iidem

203 520 335 592 abeunt,
357 515 407 595 qui
434 527 601 577 venerant:
631 532 675 577 res
700 516 782 579 enim
804 515 922 581 fortaffe
935 537 1034 598 verae,

202 608 291 665 certe
313 616 428 679 graves
462 616 528 661 non
541 599 582 659 ita
595 596 773 675 tradiantur,
793 614 828 663 ut
847 598 1034 688 debent-sed

203 682 247 747 ali
269 695 365 745 uanto
379 680 535 745 minutius.

248 704 312 827 ἓν.
334 760 455 843 Snou
467 778 480 822 r
492 780 516 823 n
529 778 551 821 u
565 778 586 823 a
606 758 759 825 differendi
773 766 862 840 ratio,
880 769 1034 847 cognitio-

203 866 267 931 que
281 860 414 911 naturae.
437 862 508 907 nam
521 844 556 906 de
571 845 691 908 summo
702 848 785 910 bono
799 866 888 922 mox,
909 864 944 912 ut
955 852 1033 930 dixi,

202 931 387 1003 videbimus,
409 925 489 989 &ad
511 926 541 989 id
562 926 779 1007 explicandum
801 930 1033 1009 disputationem

204 1032 339 1084 omnem
360 1008 558 1074 conferemus.
613 1006 652 1073 In
671 1012 706 1074 iis
715 1012 807 1090 igitur
819 1014 950 1092 partibus
961 998 1052 1093 dua-¹

204 1096 263 1159 bus
281 1093 356 1158 nihii
377 1105 452 1166 erat,
472 1092 552 1173 quod
581 1091 672 1156 Zeno
700 1108 889 1159 commutare
905 1097 1032 1175 gestiret.
1088 1169 1096 1183 „

204 1198 253 1243 res
275 1180 359 1242 enim
379 1174 525 1255 praeclare
548 1174 577 1236 se
596 1175 725 1252 habent,
741 1178 772 1241 dt
795 1179 917 1259 quidem
938 1178 970 1242 in
997 1204 1035 1247 u·

184 1276 311 1341 ‚traque
324 1271 416 1341 parte.
437 1258 510 1339 quid
530 1257 612 1319 enirn
630 1261 665 1321 ab
687 1261 816 1343 antiquis
828 1280 868 1323 ex
880 1281 918 1326 eo
943 1280 1035 1343 geno

202 1364 252 1418 re,
272 1343 356 1425 quod
381 1342 417 1403 ad
448 1336 646 1403 differendum
674 1340 769 1418 valet,
799 1343 1035 1423 praetermissum

202 1425 277 1493 est?
300 1426 352 1508 qui
379 1420 613 1485 &definierunt
638 1422 790 1506 plurima:
818 1425 848 1488 dt
875 1427 1038 1497 definiendi

204 1521 287 1573 artes
300 1508 504 1585 reliquerunt:
534 1504 671 1587 quodque
693 1506 735 1570 est
747 1499 916 1572 definitioni
928 1511 1035 1591 adjun-

205 1592 312 1666 dium,
334 1604 426 1654 utres
440 1588 472 1649 in
485 1599 581 1666 partes
594 1586 755 1665 dividatur,
776 1592 807 1652 id
820 1589 852 1653 dt
865 1589 900 1655 fit
912 1595 947 1656 ab
960 1593 1034 1675 iliis,

173 1711 176 1720 =
204 1674 252 1749 δι,
274 1670 530 1757 quemadmodum
552 1667 615 1733 fieri
635 1685 786 1753 oporteat,
806 1674 941 1739 traditur.
961 1679 1038 1744 item

202 1754 243 1821 de
257 1754 436 1821 contrariis:
456 1773 474 1814 a
491 1751 595 1835 quibus
605 1756 650 1817 ’ad
672 1770 792 1834 genera,
806 1758 973 1842 formasque
981 1780 1035 1844 ge·

203 1856 317 1905 nerum
348 1840 544 1903 devenerunt.
601 1834 673 1917 Jun
697 1841 881 1918 argumenti,
919 1845 1037 1915 ratione

205 1918 359 1998 conciuit,
389 1932 479 2001 caput
505 1914 560 1982 eiie
581 1918 695 1982 faciunt
716 1941 763 1995 ea,
791 1942 869 2003 quae
883 1926 1036 2007 perspicua

205 2007 340 2069 dicunt:
370 2002 474 2067 deinde
496 2002 632 2063 ordinem
646 2001 829 2081 sequuntur:
862 2018 944 2081 tum,
964 2010 1034 2090 quid
1118 2066 1132 2085 .,

207 2105 321 2152 uerum
342 2082 377 2147 fit
399 2087 432 2148 in
459 2080 593 2162 singulis,
628 2095 764 2147 extrema
793 2084 949 2150 conclusio
981 2092 1034 2155 est.

208 2170 341 2254 Quanta
363 2181 464 2231 autern
489 2164 596 2229 abillis
622 2164 748 2230 varietas
773 2174 1035 2249 argumentorum,

164 2284 165 2287 ¹
205 2254 329 2317 ratione
348 2248 609 2322 concludentium,
639 2265 804 2331 eorumque
816 2269 888 2314 cum
901 2253 1038 2335 captiofis

204 2334 494 2414 interrogationibus
506 2328 732 2397 diffamilitudoi
753 2333 837 2414 quid,
865 2336 947 2417 quod
965 2336 1036 2418 plu·

206 2420 292 2483 ribus
316 2415 391 2479 locis
412 2410 488 2493 quasa
506 2414 697 2489 denuntiant,
726 2427 764 2478 ut
788 2434 884 2499 neque
897 2416 1035 2485 sensuum

208 2501 306 2567 iidem
327 2495 388 2561 stne
404 2498 533 2574 ratione,
555 2516 611 2561 nec
633 2498 756 2562 rationis
768 2493 830 2564 fine
841 2498 968 2566 sensibus
979 2523 1037 2567 ex·

204 2586 376 2667 quiramus,
397 2592 485 2659 atque
497 2592 532 2643 ut
544 2596 650 2661 eorum
662 2580 835 2645 alterumab
847 2582 942 2648 altero
955 2584 1037 2667 sepe·

207 2664 337 2732 sentus?
361 2662 468 2745 Qut
490 2682 536 2738 ea,
555 2680 630 2745 quae
638 2662 784 2726 diaiedtici
805 2681 888 2729 nunc
901 2667 1037 2747 tradunt,

208 2748 242 2814 δι
257 2748 384 2822 docent,
406 2762 510 2808 nonne
518 2746 552 2809 ab
565 2745 622 2809 illis
635 2742 770 2809 instituta
786 2745 868 2824 sunt,
883 2749 914 2813 dt
927 2752 1047 2817 invem·

206 2830 263 2897 ta?
286 2830 323 2893 de
334 2829 439 2913 quibus
455 2822 506 2893 etfi
519 2847 537 2889 a
551 2824 722 2913 Chrysippo
737 2829 869 2896 mraxime
879 2833 920 2899 est
936 2832 1044 2899 elabo·'

207 2926 328 2990 ratum,
359 2923 462 2975 tamen
482 2930 499 2973 a
513 2909 643 2976 Zenone
656 2912 756 2975 minus
770 2913 882 2990 mutto,
897 2918 989 2998 quam
1002 2916 1038 2981 ab

205 2996 350 3079 antiquis.
364 2994 469 3061 abhoc
482 3004 583 3057 autem
592 2995 734 3073 quaedam
743 3012 807 3059 non
817 2997 935 3074 melius,
947 3017 1049 3081 quam·
1101 3061 1103 3076 ,

212 3092 352 3145 ueteres:
386 3076 542 3159 quaedam.
563 3078 695 3141 omnino
731 3077 843 3142 relidit.
897 3079 1041 3164 Cumque

209 3162 291 3227 duae
308 3158 366 3225 sint
393 3172 482 3234 artes,
503 3160 607 3240 quibus
628 3158 758 3240 perfedie
779 3161 916 3240 ratim&
941 3165 1040 3229 oratio

211 3240 416 3327 compleatur,
450 3262 513 3309 una
545 3242 730 3322 inveniendi,
750 3242 841 3311 altera
865 3242 1040 3314 differendi:

960 3332 1039 3395 hanc
