2742 3909
301 375 362 422 102
445 349 998 426 DesinssoneeMnt.

304 461 374 522 sum
396 451 450 528 est,
471 455 598 534 patriam
607 452 751 596 Prodere,
758 451 1039 598 aparentorviolarq
1056 449 1103 514 sant

308 535 489 620 depeculari,
509 556 584 618 quae
620 548 677 599 unt
694 537 758 602 ine
780 533 873 599 ertu:
904 531 943 598 fic
957 527 1103 609 timeres:

310 637 451 694 niaque,
473 616 511 680 stc
525 621 557 681 in
570 617 689 683 libidine
710 613 778 694 esse,
800 629 959 697 peccatum
968 617 1019 692 est,
1035 617 1103 680 erin

313 701 375 769 stne
388 697 508 774 effedlu.
530 720 635 765 verum
643 711 678 764 ut
691 698 763 764 haec
781 719 848 767 non
861 699 895 766 in
912 698 1038 780 posteris,
1048 695 1103 762 &lt

311 781 574 866 consequentibus,
596 783 689 849 sedin
715 782 819 864 prlmis
839 783 990 846 continuo
1009 789 1103 863 peculi

310 870 404 934 funt:
427 864 465 931 fic
478 885 524 964 eq
545 884 619 947 quae
641 863 875 944 proficiscuntur
894 883 912 926 a
929 865 1044 938 virtute,
1058 859 1103 926 sus·

311 949 454 1094 ceptique
477 967 586 1030 prima,
607 967 671 1012 non
685 946 882 1030 perfeetione,
901 945 1051 1014 restarent
1068 943 1102 1024 ju·

309 1035 397 1104 dican
417 1053 444 1096 a.

355 1115 400 1178 X.
422 1112 589 1178 Boion
617 1124 731 1190 autern,
750 1111 832 1196 quod
852 1111 889 1176 in
914 1110 973 1176 hoc
998 1110 1103 1174 sermone

308 1199 401 1264 toties
412 1193 586 1275 usurpatum
599 1194 653 1270 est,
675 1197 706 1261 id
716 1197 808 1262 etiam
815 1192 991 1260 definitione
999 1191 1102 1273 explice-

312 1291 375 1346 tur.
397 1279 444 1342 sed
456 1277 562 1344 eorum
575 1275 763 1344 definitiones
784 1276 923 1358 paullum
935 1275 1039 1360 oppido
1047 1275 1102 1336 inter

313 1364 344 1438 se
363 1359 518 1436 differunt,
539 1361 683 1427 &tamen
702 1361 808 1426 eodem
820 1357 984 1443 spectant„
1004 1351 1102 1437 Egois-

313 1443 427 1512 sentior
449 1439 598 1523 Diogeni,
617 1444 668 1525 qui
680 1443 797 1506 bonum
810 1440 969 1516 definierit,
989 1439 1027 1516 id,
1042 1433 1103 1534 qnod

313 1523 386 1593 eset
408 1538 516 1598 natura
529 1524 709 1589 absolutum.
740 1525 770 1588 id
782 1538 885 1588 autern
906 1523 1037 1608 sequens,'
1050 1517 1103 1586 rllutl

311 1611 406 1678 etiam
424 1610 505 1691 quod
517 1603 660 1688 prodesset
681 1606 693 1688 (
713 1601 849 1686 ὂφὶλιμ
867 1607 950 1670 enirn
975 1603 1013 1670 fic
1027 1599 1102 1686 apud·

313 1689 432 1770 lemur)
446 1703 580 1765 motum,
588 1703 640 1752 aut
652 1688 824 1753 statumene
836 1689 928 1765 dixit,
941 1685 1103 1754 enatund·

310 1773 420 1836 soluta.
465 1769 608 1852 Cumque
618 1790 719 1834 rerum
732 1770 873 1837 notiones
884 1773 918 1835 in
931 1771 1032 1835 animis
1039 1767 1103 1842 snt

310 1849 397 1916 sraut
414 1852 468 1915 usu
480 1852 589 1934 aliquid
602 1855 760 1932 cognitum
774 1849 821 1928 stt,
842 1867 894 1917 aut
906 1851 1103 1937 conjunctione

311 1947 366 2001 aut
388 1932 591 2012 similitudine,
635 1949 688 2000 aut
714 1935 878 2003 collatione
902 1938 1023 2002 rationis
1031 1961 1040 2011 3
1064 1933 1103 1996 hoc

311 2033 433 2100 quarto,
452 2020 534 2104 quod
559 2032 731 2084 extremum
758 2020 843 2099 posui
868 2022 997 2096 bonum,
1026 2014 1103 2082 notitia

312 2101 393 2169 fadla
411 2101 462 2167 est.
484 2122 556 2170 cunr
569 2105 651 2169 enim
675 2103 711 2165 ab
731 2101 764 2163 iis
782 2103 877 2177 rebus,
899 2121 974 2184 quae
996 2106 1058 2167 sunt
1076 2098 1103 2161 se

311 2185 449 2249 cundum
475 2200 626 2261 naturam,
660 2184 809 2247 adscendit
834 2187 952 2252 animus
973 2183 1103 2251 collationr

309 2267 451 2343 rationis,
472 2279 538 2329 turn
551 2269 587 2330 ad
604 2268 763 2332 notionem
773 2268 847 2330 ¹boni
861 2270 1007 2348 pervenit.
1057 2262 1103 2326 Hor

311 2360 418 2421 autern
446 2348 544 2429 ipsum
561 2351 690 2423 bonum,
739 2367 804 2412 non
831 2348 1003 2427 accessione,
1036 2363 1103 2424 nequ

309 2431 482 2506 crescendo,
502 2444 555 2496 aut
573 2435 645 2497 eum
656 2432 759 2496 ceteris
771 2436 986 2511 comparando,
1007 2433 1103 2510 sedpro

307 2514 373 2596 pria
385 2512 513 2582 visua&
528 2513 683 2588 sentimus,
697 2514 727 2578 dr
740 2514 1051 2593 appellamusbonum.
1077 2508 1103 2573 U‘

305 2597 392 2668 enlm
408 2596 483 2673 mel,
503 2592 554 2664 etsi
570 2594 769 2665 dulcissimum
791 2596 844 2672 est,
873 2602 927 2660 suo
941 2612 1039 2662 tamen
1055 2612 1103 2675 pro·

308 2680 377 2756 prio
391 2698 496 2758 genere
510 2679 629 2758 saporis,
651 2700 716 2744 non
729 2681 954 2758 comparatione
975 2700 1043 2744 curn
1054 2677 1103 2742 aliis

309 2758 399 2826 dulce
417 2758 472 2828 esse
490 2762 637 2825 sentitur:
672 2760 711 2823 fic
725 2764 840 2826 bonurn
854 2761 927 2839 hoc,
948 2766 984 2827 de
996 2784 1054 2844 quo
1065 2759 1103 2839 agl

310 2860 393 2917 mus,
414 2841 454 2903 est
474 2842 549 2916 illud
561 2844 681 2928 quidem
695 2843 815 2924 plurimi
829 2843 1053 2921 aestimandum,
1077 2842 1103 2905 se

310 2945 345 2992 ea
370 2923 533 2993 aestimatio
553 2943 659 3004 genere
686 2926 778 3000 valet,
823 2946 888 2989 non
912 2927 1103 3008 magnitudine

307 3026 381 3072 nam
395 3026 466 3070 cunr
487 3006 663 3083 aestimatio,
684 3003 843 3091 quaesisse
866 3010 987 3086 dicitur,
1036 3027 1101 3090 nequ

306 3090 341 3151 in
365 3092 452 3153 bonis
474 3102 628 3155 numerata
651 3088 698 3166 fit,
729 3112 824 3175 neque
847 3095 945 3157 rursus
968 3095 999 3158 in
1023 3091 1099 3157 malis

305 3184 584 3257 quantumcumque
596 3195 633 3237 eo
646 3175 799 3255 addideris,
830 3176 862 3237 in
877 3178 932 3240 suo
945 3197 1050 3257 genere
1063 3194 1103 3239 nu

304 3253 396 3320 nebit.
417 3255 527 3324 aliaest
548 3258 638 3342 igitur
665 3260 784 3342 propria
809 3259 972 3328 aestimatio
994 3260 1103 3328 virtutis

1055 3360 1103 3428 qur

233 3543 349 3633 ’λ
