2742 3909
297 298 301 304 1
347 364 390 434 41,
463 349 1063 420 'DuFrruBomerMnm

321 510 326 524 .
346 451 478 530 muffet,
500 468 642 525 nontam
659 453 819 528 haesitaret.
842 456 1060 528 autenimeam
1080 460 1177 534 volu-

345 548 462 619 ptatem
488 548 633 612 tueretur,
668 556 759 617 quam
782 539 961 618 Aristippus,
985 539 1014 612 id
1031 539 1087 612 est,
1114 560 1174 618 qua

344 618 444 694 sensus
456 618 594 696 dulciter,
603 620 780 702 acju‘cunde
791 634 932 683 movetur
947 640 954 680 :
968 639 1065 701 ,quam
1076 619 1172 687 etiem

346 701 486 784 pecudes,
508 699 529 763 fi
548 703 631 785 loqui
650 699 780 782 possent,
815 701 999 784 appellarent
1025 703 1173 784 *volupm

345 798 432 848 tem:
472 796 538 860 aut,
570 783 591 848 fi
614 787 707 865 magis
734 784 862 865 placeret
884 787 937 848 suo
965 803 1048 876 more
1069 785 1173 870 loqui,

363 924 378 945 „
446 880 483 931 ut
860 930 864 938 ,
989 903 992 910 ,

341 886 497 1026 quanm
509 948 615 1014 Danai
625 963 677 1013 aut
690 944 878 1032 mettenses,
907 946 1006 1019 Attica
1014 951 1113 1029 pubes,

345 1032 510 1116 reliquique
538 1031 663 1112 Graeci,
682 1034 734 1114 qui
751 1031 810 1093 hoc
837 1032 992 1112 anapaesto
1014 1035 1171 1108 citantur:

345 1117 408 1191 hoc
419 1135 487 1180 non
502 1116 601 1180 dolere
612 1114 711 1177 solum
724 1113 886 1192 voluptatis
902 1116 1026 1179 nomine
1038 1115 1173 1195 appella,

346 1212 406 1276 ret,
436 1198 510 1263 illud
524 1197 726 1277 Aristippeum
752 1207 982 1276 contemneret:
1003 1211 1067 1273 aut,
1090 1195 1112 1259 fi
1133 1219 1170 1262 u·

343 1294 488 1361 trurnque
498 1281 646 1361 probaret,
657 1273 729 1342 “aut
741 1279 858 1358 probat,
880 1278 1062 1362 conjungere
1077 1280 1170 1352 dolo*

345 1365 386 1427 ris
398 1363 579 1435 vacuitatem
589 1381 663 1426 cum
675 1361 843 1443 voluptate,
865 1360 895 1426 &
922 1363 1037 1432 duobus
1050 1363 1168 1439 ultimis

345 1456 490 1510 uteretur.
534 1443 632 1517 Multi
642 1447 737 1523 enim,
753 1445 900 1524 &magni
914 1443 1083 1526 philosophi
1096 1447 1170 1524 haee

343 1530 456 1594 ultima
469 1526 735 1615 bonorumjuneta
753 1528 899 1601 fecerunt,
922 1541 957 1590 ut
978 1527 1169 1606 Aristoteles,

343 1614 397 1695 qui
410 1613 529 1675 virtutis
538 1613 626 1675 usum
638 1630 711 1682 cum
730 1613 807 1686 vitae
820 1607 963 1688 perfectae
976 1609 1171 1688 prosperitate

343 1693 518 1775 conjunxit.
550 1691 694 1770 Callipho
702 1691 838 1772 adjunxit
849 1691 885 1758 ad
897 1692 1096 1770 honestatem,
1111 1715 1171 1756 νο·Δ

343 1777 514 1856 luptatem:
541 1771 697 1835 Diodorus
708 1774 879 1851 adeandem
889 1773 1073 1842 honestatem
1088 1777 1171 1840 addi,

342 1858 389 1920 dit
407 1856 587 1920 vacuitatem
599 1853 720 1919 doloris.
741 1857 820 1932 idem
839 1852 948 1928 seeiflet
964 1855 1127 1936 Epicurus,
1150 1857 1171 1925 fi

343 1938 522 2004 sententiam
547 1941 639 2014 hanc,
673 1958 748 2020 quae
773 1958 856 2002 nunc
893 1937 1077 2022 Hieronymi
1109 1942 1171 2020 est,

341 2018 546 2106 conjunxisset
565 2043 638 2093 cum
659 2022 801 2103 Aristippi
825 2035 926 2086 vetere
947 2022 1103 2086 sententia.
1128 2025 1172 2090 iiii

339 2107 428 2170 eninr
439 2107 517 2176 inter
528 2104 557 2181 se
569 2101 766 2180 diffentiunt3
788 2119 942 2185 propterea
955 2099 1076 2184 singulis
1092 2105 1167 2170 fini-

341 2191 399 2252 bus
416 2200 567 2252 utuntur:
602 2189 646 2264 &‚
665 2209 737 2253 cum
762 2202 886 2269 uterque
908 2185 1025 2266 Graece
1051 2193 1172 2269 egregie

308 2310 311 2319 =
332 2271 510 2354 ‚loquatum
530 2259 789 2351 nefiAriiiippus,
803 2270 853 2352 qui
873 2269 1062 2350 voluptatem
1082 2273 1169 2337 surn-

344 2372 434 2416 mum
453 2354 571 2416 bonum
581 2353 666 2427 dicit,
686 2355 719 2428 in
742 2351 898 2430 voluptate
920 2353 1007 2430 ponit
1019 2372 1087 2417 non
1110 2359 1170 2420 do-

340 2434 417 2512 lere,
438 2455 533 2516 neque
555 2433 775 2516 Hieronymus,
803 2433 855 2514 qui
876 2434 1029 2503 summum
1047 2435 1171 2506 bonum

340 2517 445 2583 statuit
470 2536 536 2588 non
555 2515 667 2590 dolere,
693 2515 856 2595 voluptatis
870 2518 996 2582 nomine
1018 2537 1171 2601 umquam

343 2602 455 2674 utitur,
468 2618 525 2680 pro
541 2598 592 2661 illa
603 2597 789 2664 indolentia:
808 2599 918 2680 quippe
934 2600 1032 2680 quine
1052 2602 1085 2664 in
1110 2623 1171 2666 ex,

239 2754 241 2758 ,
341 2683 476 2765 petendis
494 2681 615 2762 quidem
643 2681 727 2746 rebus
746 2693 883 2746 numeret
899 2681 1101 2761 voluptatem.

385 2760 463 2824 v11.
486 2760 619 2825 Dune
649 2765 718 2825 sunt
740 2766 822 2828 enim
843 2781 888 2827 res
906 2782 1037 2844 quoque,
1059 2784 1102 2830 ne
1133 2781 1171 2836 tu

339 2847 430 2911 verba
439 2844 537 2908 solum
547 2858 642 2926 putee.
655 2865 755 2910 unum
767 2847 822 2922 est,
836 2843 896 2910 sine
909 2844 1014 2912 dolore
1025 2843 1100 2911 effe:
1126 2851 1173 2914 ai·
1205 2899 1206 2918 1

340 2939 457 3001 terum,
478 2947 551 2992 cum
563 2927 732 3008 voluptate.
751 2949 806 3000 yos
824 2947 865 2998 ex
880 2929 1001 3006 histem
1018 2925 1168 2997 diffimili-
1204 2943 1206 3041 Α

337 3015 396 3078 bus
412 3012 496 3076 rebus
512 3029 577 3073 non
600 3012 694 3074 modo
716 3031 830 3076 nomen
849 3030 947 3076 unum
968 3012 1063 3094 (nam
1076 3013 1111 3077 id
1119 3015 1170 3079 fa·
1204 3057 1205 3066 η

336 3094 428 3174 eitius
439 3091 573 3175 parerer)
594 3092 642 3156 sed
654 3093 745 3171 etjam
758 3115 822 3158 rem
834 3114 928 3160 unam
940 3113 979 3158 ex
995 3097 1110 3160 duabus
1122 3097 1170 3161 sa-

341 3195 409 3252 eere
439 3177 605 3241 conamini.
632 3179 715 3259 quod
741 3175 804 3250 fieri
826 3176 913 3240 nullo
938 3178 1032 3242 modo
1053 3180 1169 3258 potest,

346 3256 428 3355 ,Ηῐεῒ
451 3261 502 3338 qui
515 3271 670 3343 utramque
687 3261 807 3341 probat,
826 3261 967 3334 ambobus
990 3259 1092 3331 debuit
1101 3264 1172 3408 1pti,
1203 3283 1204 3356 i
