2742 3909
497 292 732 360 LrncrtIV.
983 314 1038 373 15¹

209 402 244 463 in
269 399 372 463 eadem
391 398 547 474 causaest,
568 416 658 477 aquo
670 392 762 459 abesse
774 395 858 473 velis,
887 398 986 461 donec
1007 420 1039 463 e-

209 481 330 546 vaseris.
360 501 414 546 nec
446 481 529 543 enim
550 478 600 544 ille
630 481 764 560 respirat,
798 492 868 543 ante
891 498 980 563 quarn
1003 502 1053 545 e-..·

210 562 327 643 mersit,
349 563 380 627 dc
399 562 490 627 catuli
510 582 600 645 aeque
625 563 704 626 caeci
717 562 886 645 priusquam
895 562 1035 643 despexe·

208 658 298 721 runt,
319 659 354 709 ac
367 642 389 709 fi
403 647 444 709 ita
457 646 552 709 futuri
575 645 688 725 semper
705 641 805 708 essent.
842 644 892 707 illa
914 646 984 709 sunt
997 644 1035 709 sr-

209 726 296 791 milia
306 750 313 789 :
323 729 408 793 hebes
416 730 492 791 acies
507 728 549 791 esi
562 725 692 807 cuipiam
707 726 889 791 oculorum:
911 746 1038 809 corpore

209 812 287 887 alius
308 811 492 891 languescit:
514 810 546 873 hi
570 812 727 874 curatione
748 808 874 873 adhibita
900 808 1038 875 levantur

198 893 335 957 indies:
357 894 431 960 alter
443 893 521 955 valet
543 893 774 975 plusquotidiet
807 891 882 955 alter
892 892 982 957 videt.
1005 894 1037 957 hi

208 974 317 1039 similes
331 976 403 1039 sunt
414 976 565 1051 omnibus,
595 977 646 1056 qui
660 976 764 1038 virtuti
778 972 912 1039 student:
933 974 1037 1038 levan-

207 1059 365 1134 turvitiis,
386 1059 524 1122 levantur
548 1059 703 1122 erroribus.
726 1054 780 1121 nisi
806 1058 884 1121 sorte
907 1059 1039 1123 ‘censeres

207 1140 268 1204 Ti.
286 1137 463 1204 Gracchum
472 1153 585 1220 patrem
595 1161 659 1204 non
672 1142 833 1205 beatiorem
841 1136 935 1215 suill'e,
945 1158 1037 1221 quam

208 1221 322 1297 lilium,
344 1243 416 1287 cum
429 1222 504 1287 alter
516 1224 639 1286 stabilire
653 1224 867 1303 rempublicam
880 1222 1035 1301 studuerit,

206 1306 285 1370 alter
294 1318 435 1370 evertere·
457 1326 514 1369 nec
528 1319 628 1369 tamen
642 1306 692 1369 ille
706 1320 767 1369 erat
780 1306 906 1385 sapiens:
928 1307 993 1387 quis
1002 1329 1036 1370 e·

207 1389 278 1451 nim
289 1387 375 1451 hoc?
397 1400 450 1451 aut
459 1390 581 1469 quando
597 1386 608 1449 ἓ
631 1402 682 1451 aut
697 1387 772 1451 ubi?
796 1402 847 1451 aut
860 1386 963 1451 unde?
987 1390 1035 1452 sed

204 1472 277 1549 quia
289 1470 419 1534 studebat
426 1471 518 1545 laudi,
534 1470 563 1532 δι
575 1470 723 1549 dignitati,
735 1470 868 1533 multum
881 1472 913 1532 in
924 1471 1037 1535 virtute

203 1550 391 1635 processerat.
436 1552 712 1616 Conferamautem
723 1573 815 1616 avum
829 1565 930 1625 tuum,
948 1550 1035 1615 Dru·

206 1636 288 1712 sum,
320 1654 393 1697 cum
420 1633 460 1699 C.
491 1634 635 1700 Graccho
657 1636 719 1719 ejus
744 1634 803 1699 fere
819 1634 940 1714 aequali.
962 1652 1036 1713 quae

204 1720 256 1781 hic
270 1716 443 1799 reipublicae
454 1718 578 1783 vulnera
599 1719 788 1798 imponebat,
809 1720 909 1781 eadem
926 1716 976 1781 ille
989 1718 1035 1783 sa·

203 1802 305 1863 nabat.
350 1796 405 1864 Sed
431 1801 505 1864 nihil
525 1800 578 1877 est,
602 1802 681 1879 quod
704 1816 768 1865 tam
786 1802 907 1865 miseros
932 1798 1033 1879 faciat,

203 1902 298 1961 quam
314 1882 461 1961 impietas,
476 1883 506 1946 δι
519 1885 619 1947 scelus.
664 1881 713 1944 Ut
732 1884 796 1966 jam
809 1903 916 1953 omnes
934 1880 1034 1963 infipi-

204 1978 291 2029 entes
302 1958 369 2028 ‘fint
392 1965 502 2040 miseri,
523 1966 604 2045 quod
624 1964 762 2045 profecto
781 1966 866 2027 sunt:
903 1980 968 2027 non
991 1967 1032 2027 est

203 2063 306 2111 tamen
333 2064 423 2127 aeque
446 2049 545 2122 miser,
568 2048 618 2127 qui
635 2048 746 2126 patriae
772 2046 918 2119 consulit,
938 2040 967 2107 tc
993 2048 1031 2123 is,

201 2130 255 2209 qui
280 2128 365 2192 illam
382 2130 561 2193 exstinctam
580 2131 673 2207 cupit.
704 2127 815 2191 levatio
833 2128 924 2207 igitur
942 2128 1033 2191 vitio-

201 2233 275 2274 rum
289 2231 398 2293 magna
416 2210 452 2275 fit
469 2214 515 2287 iis,
537 2214 588 2293 qui
609 2213 719 2275 habent
740 2212 776 2274 ad
790 2212 934 2273 virtutem
960 2230 1032 2291 pro-

203 2292 360 2376 grellronis
372 2295 602 2372 aliquantulum.
645 2292 745 2356 Vestri
763 2306 863 2356 autern
876 2290 1030 2373 progrellr-

201 2398 299 2441 onem
312 2380 348 2441 ad
371 2378 517 2445 virtutem
530 2377 593 2442 fieri
611 2374 710 2457 ajunt,
730 2376 913 2455 levationem
938 2378 1031 2440 vitio-

200 2479 273 2523 rum
287 2460 349 2523 fieri
364 2473 485 2539 negant.
528 2460 587 2537 At,
609 2478 670 2537 quo
689 2472 818 2522 utuntur
835 2458 972 2522 homines
998 2480 1029 2521 a·

198 2546 265 2606 cuti
282 2556 461 2623 argumento
483 2544 520 2607 ad
547 2542 746 2621 probandum,
769 2561 875 2621 operae
888 2544 1030 2623 pretinm

199 2626 243 2688 est
275 2622 466 2689 considerare.
523 2622 675 2707 Qarum,
725 2626 878 2703 inquiunt,
921 2622 1032 2707 artium

199 2709 319 2771 summa
329 2708 454 2771 crescere
462 2708 571 2789 potest,
590 2726 694 2770 earum
709 2707 799 2768 etiarn
815 2709 1032 2771 contrariarum

202 2791 322 2853 summa
334 2793 446 2871 poterit
458 2791 566 2869 augeri.
589 2792 625 2853 ad
638 2790 758 2851 virtutis
773 2802 873 2853 autern
883 2790 1032 2853 summam

198 2876 339 2938 accedere
351 2872 426 2943 nihil
443 2872 548 2955 potest.
570 2892 609 2935 ne
626 2872 699 2938 vitia
720 2871 838 2950 quidem
851 2872 941 2953 igitur
954 2874 1031 2935 cres-

201 2976 269 3019 cere
294 2969 451 3037 poterunt,
478 2974 551 3033 quae
579 2956 648 3017 sunt
685 2954 833 3019 virtutum
870 2958 1029 3019 contraria.

201 3038 322 3101 Utrum
345 3039 436 3117 igitur
474 3040 609 3114 tandem,
652 3035 855 3115 ‘perspicuisne
877 3038 962 3099 dubia
999 3060 1030 3101 a·

200 3123 372 3201 periuntur,
423 3140 462 3183 an
502 3121 595 3182 dubiis
642 3120 794 3199 perspicua
850 3120 1028 3193 tolluntur?¹

201 3203 299 3283 Atqui
330 3203 390 3265 hoc
425 3202 611 3284 perspicuum
639 3203 693 3276 est,
744 3201 817 3263 vitia
849 3202 905 3264 alia
940 3204 970 3264 in
998 3226 1046 3269 a-.

196 3286 243 3350 liis
255 3284 314 3353 elle
325 3286 436 3371 majora
450 3307 457 3347 ε
472 3283 706 3431 ·illuc1l(dubium,
728 3284 819 3357 adid,
854 3284 933 3363 quod
950 3288 1030 3348 sum-

627 3385 648 3441 4
946 3388 1032 3432 mum
