2742 3909
508 302 662 373 L1m
703 302 780 371 1v.·
847 277 860 293 ²
983 326 1049 397 139

216 407 293 477 ficut
305 394 405 475 mica:
431 396 461 475 ie
472 419 575 471 autem
587 390 729 471 omuibus
742 406 811 471 vitis
819 390 950 489 partibus
963 428 1047 493 prae·

214 494 305 567 ferat,
319 490 484 571 statuatque
494 488 569 557 nihil
577 484 633 559 effe
644 487 752 557 melius
760 490 792 553 in
804 491 877 569 vite,
891 510 983 577 quam
996 496 1048 561 ie:

215 572 350 653 [militer
365 571 486 650 seniue,'
504 591 576 639 cum
597 568 712 642 accellit
724 572 761 635 ad
774 584 924 654 naturam,
945 591 1048 645 tuetur

211 656 300 728 iilam
312 657 445 745 quidem,
466 652 614 721 sedetiam
628 665 729 721 tuetur
738 652 784 718 ie:
806 656 879 721 cum
891 662 1047 727 autemus-

216 742 338 823 sumpta
348 736 496 815 cadoci,
516 750 603 801 tanto
625 739 658 806 in
678 737 837 803 dominatu
859 736 991 821 locetur,
1013 758 1049 813 ut

215 824 322 890 omnia
335 822 387 889 illa
409 822 506 902 prima
523 833 644 887 naturae
655 819 743 899 hujus
757 818 868 888 tutelae
890 822 1047 911 subjiciam.

216 920 279 972 tur.
322 900 429 992 Itmue
456 924 521 969 non
547 902 667 972 discedit
690 902 725 967 ab
745 922 852 969 eorum
875 908 1046 991 curatione,

214 990 324 1075 quibus
344 984 508 1070 praeposita
523 988 619 1051 vitam
632 986 758 1053 omnem
770 986 855 1055 debet
864 988 1048 1071 gubernare:

210 1076 252 1139 ‘ut
263 1072 365 1137 mirari
377 1070 444 1135 satis
451 1067 800 1139 eorum'inconstantiam
812 1088 879 1135 non
893 1070 1046 1153 potimus.

217 1153 388 1220 naturalem
417 1154 504 1221 enim
534 1154 762 1233 apetitionem,
813 1170 903 1233 quam
924 1171 1050 1239 „vocmt

212 1234 314 1326 iude,
354 1236 486 1319 itemque
519 1256 540 1303 ο
589 1236 666 1313 ium,
697 1235 791 1317 ipsam
826 1232 918 1303 eliam
950 1240 1048 1305 virtu-

216 1334 305 1396 tem„
320 1333 459 1386 tuentem
471 1314 529 1387 elle
546 1318 658 1385 volunt
668 1337 772 1385 mrum
784 1337 898 1397 rerum,
918 1324 1047 1405 quaese.

213 1406 354 1468 cundum
366 1416 506 1465 naturam
520 1398 599 1467 suut.
633 1418 706 1465 cum
719 1402 871 1467 autem-ad
894 1400 1047 1473 summum

215 1478 337 1567 bonum
358 1484 471 1552 volunt
492 1484 657 1566 pervenire,
679 1480 850 1549 transiliunt
861 1488 978 1565 omnia,
1013 1486 1045 1551 dc

216 1570 281 1649 duo
293 1568 380 1633 nobis
393 1584 483 1649 opera
495 1585 551 1647 pro
562 1584 627 1631 uno
639 1564 835 1649 relinquunt:
869 1580 906 1631 ut
923 1566 980 1633 aliu
992 1566 1044 1635 su·

216 1670 351 1727 mamus,
360 1648 419 1715 alia
431 1662 604 1730 appetamus
617 1650 731 1732 potius,
751 1668 843 1735 quam
855 1668 921 1717 uno
934 1648 996 1719 ine
1007 1672 1046 1721 o·

217 1735 305 1805 mnia
320 1731 518 1806 concludant,
944 1738 950 1743 “

219 1820 223 1833 ’
258 1813 339 1893 XV.
361 1816 426 1877 Ατ
446 1811 600 1898 enimjam
612 1813 708 1881 dicitis
719 1815 865 1900 virtutem
883 1836 950 1885 non
961 1812 1043 1903 polle

215 1898 374 1974 constitui,
395 1894 417 1959 fi
439 1917 489 1975 ας
527 1917 602 1981 quae
628 1911 716 1961 extra
744 1898 890 1965 virtutem
909 1896 981 1981 fini,
1008 1900 1047 1969 ad

216 1982 302 2061 bmte
322 1980 487 2047 vivendum
506 1981 683 2061 pertineant.
705 1980 787 2061 quod
812 1994 915 2045 totum
936 1999 1046 2058 contre

216 2066 272 2131 est.
326 2060 484 2130 Introduci
502 2062 586 2127 enim
600 2064 696 2126 virtus
708 2060 795 2125 nullo
816 2062 910 2127 modo
931 2066 1044 2145 potest,

215 2146 274 2215 nist
296 2147 413 2225 omnia,
433 2164 508 2226 quae
528 2143 622 2225 leget,
641 2164 776 2227 quaeque
791 2140 915 2227 rejiciet,
948 2164 1045 2213 unam

218 2231 387 2298 referantur
399 2228 436 2293 ad
457 2228 617 2296 summam.
652 2246 724 2291 nam
738 2220 759 2289 fi
772 2226 902 2291 omnino
915 2246 972 2293 nos
990 2248 1045 2297 ne·

212 2314 372 2397 gligimus,
393 2312 426 2375 in
440 2310 599 2376 Aristonea
623 2306 758 2387 ultim&
784 2322 905 2391 peccata
931 2310 1045 2379 incide-

217 2418 302 2477 mus,
323 2394 601 2476 obliviscemurque,
615 2410 688 2472 quae
709 2394 814 2458 virtuti
836 2388 888 2477 ipst
903 2394 1048 2479 principia

214 2480 397 2544 dederimus.
427 2472 472 2541 lin
484 2496 596 2541 canon
612 2474 802 2572 negligimus,
823 2493 919 2557 neque
941 2488 1046 2543 tamen

211 2563 252 2630 ad
266 2560 362 2626 finem
374 2559 484 2629 summi
495 2558 569 2624 boni
586 2556 738 2626 referimus
767 2576 831 2621 non
847 2556 982 2623 multum
1007 2560 1045 2625 ab

220 2642 332 2710 Herilli
348 2641 471 2709 levitate
490 2642 694 2707 aberrabimus.
729 2600 854 2705 cluamm
870 2642 953 2707 enim
965 2642 1043 2708 vita·

214 2748 290 2793 rum
301 2726 388 2791 nobis
404 2738 495 2793 erunt
509 2722 644 2791 instituta
654 2722 805 2805 capienda.
828 2722 900 2789 facit
912 2725 994 2789 enim
1006 2722 1044 2791 il·
1102 2744 1105 2751 '

213 2814 246 2879 le
264 2811 327 2874 duo
340 2804 473 2893 sejuncta
488 2808 596 2871 ultima
608 2809 777 2871 bonorum:
796 2824 883 2887 quae,
904 2820 939 2871 ut
951 2804 1044 2874 edent

213 2912 300 2970 vera,
320 2889 468 3033 con'unfi
486 2889 664 2964 debuerunt.
698 2907 782 2951 nunc
795 2886 848 2951 ista
858 2888 1044 2971 separantur,

215 2990 255 3040 ut
271 2974 388 3057 disJ'unc
446 2985 504 3037 int.
524 2992 587 3055 quo
605 2969 678 3036 nihil
699 2968 795 3051 potest
806 2964 862 3035 esse
869 2968 1042 3051 perversius.

213 3056 325 3141 Itaque
342 3056 517 3133 contraeil,
538 3076 572 3119 ac
585 3052 681 3119 dicitis
692 3078 702 3129 ι
726 3072 797 3116 rum
818 3052 960 3118 constitui
980 3054 1043 3118 vir·

213 3136 267 3206 t'us
288 3136 377 3203 nullo
391 3133 616 3220 modo'potest,
637 3132 691 3201 nifi
714 3156 769 3229 ea,·
783 3154 858 3218 quae
870 3133 1045 3219 suntprimz

213 3217 354 3320 datutue,
387 3234 426 3293 ιιι
444 3223 482 3293 ad
513 3222 663 3291 summam
678 3216 886 3327 pertimuit,
903 3220 1044 3385 &iffi
