2742 3909
202 402 206 414 ,
254 400 258 407 ,
307 406 310 412 ,
455 327 697 426 Linunlll.
943 326 1000 417 ἠὲ

161 424 273 585 agredi
295 431 397 513 fimus,
432 438 508 501 nihil
533 436 634 502 nostra
673 435 877 501 arbitrabimur
910 436 1004 503 inter·
1097 504 1099 511 ,

161 546 237 590 ee.

210 600 283 669 XI.·
304 602 477 684 Annua
499 594 591 667 et'iarn
613 598 701 678 illud,
723 598 824 685 siquis
836 601 930 666 dicere
951 606 1005 667 ve·'

165 689 219 764 lit,
246 683 458 767 perabsurdum
483 682 539 749 fit:
569 688 611 748 ita
632 684 747 763 diligia
773 684 830 750 sese
844 695 1003 769 quemque,

165 784 206 833 ut
233 791 270 832 ea
283 768 328 830 vis
350 766 491 847 diligendi
507 769 544 831 ad
565 762 740 831 aliani‘rem
760 768 933 847 quampiam
956 772 1004 845 ress

162 854 299 926 feratur,
322 863 387 934 non
401 849 521 915 adeum
535 850 644 931 ipsum,
665 850 717 932 qui
731 848 913 927 sesediligat.
944 850 1005 933 hoc
1054 864 1056 868 ·

164 940 248 999 cum
263 935 298 996 in
308 932 458 1008 amicitiis,
478 933 550 995 'cum
568 934 601 995 iii
614 928 730 1007 officiis,
766 948 840 995 cum
860 934 893 995 iri
908 930 1004 995 virtuss

163 1020 252 1081 tibus
272 1016 394 1091 dicitur,
428 1016 713 1096 quomodocumque
726 1014 846 1089 dicitur,
879 1010 1006 1093 intelligi

163 1112 277 1165 tamen
291 1098 361 1176 quid
372 1100 499 1174 dicatur,
520 1097 627 1178 potest.
648 1098 681 1159 in
704 1094 792 1161 nobis
816 1100 918 1161 autem
939 1096 1006 1177 ipsis

168 1198 212 1248 ne
227 1180 362 1266 intelligi
378 1181 511 1261 quidem,
540 1187 576 1265 ut
597 1192 722 1261 propter
734 1180 822 1242 aliam
835 1181 1006 1259 quampiam

165 1265 253 1341 r'em,
276 1262 358 1325 verbi
371 1260 476 1342 gralia,
497 1261 619 1343 propter
631 1261 832 1345 voluptatem,
854 1272 910 1326 nos
923 1270 1005 1327 anre-

166 1368 255 1413 mus.
279 1358 402 1425 propter
419 1359 476 1407 no's
497 1343 689 1419 enimillam,
711 1352 778 1423 noir
791 1342 915 1425 propter
938 1365 1009 1409 earn

166 1426 375 1508 nosmetipsos
406 1426 566 1507 diligimus.
620 1426 823 1509 'Quamquam
853 1427 923 1505 quid
948 1427 1008 1511 esi,

186 1514 258 1577 uod
278 1511 373 1591 magis
394 1510 583 1590 perspicuum
595 1506 643 1584 fit,
665 1528 731 1572 non
745 1510 838 1573 modo
849 1521 955 1573 'carum
967 1507 1007 1570 srss'

162 1536 199 1661 li
237 1610 400 1673 quemque,
434 1593 654 1655 verumetiam
679 1590 870 1656 vehementer
901 1600 1005 1656 carum

163 1676 253 1744 efl‘e?
289 1675 353 1754 quis
373 1675 415 1738 est
442 1675 538 1749 eninr,
567 1687 620 1763 aut
643 1674 906 1757 quotusquisque,
940 1677 1003 1751 cui,

165 1765 351 1826 mors'cum
364 1758 595 1837 appropinquet,
703 1786 705 1789 ·

211 1840 286 1909 No'n
312 1837 452 1983 refugiat?
463 1837 563 1901 timido
578 1838 722 1925 sanguen,
749 1852 835 1919 atque
854 1832 1005 1926 exalbescat

340 1931 418 1983 mlta
982 1948 985 1955 ·

162 2012 199 2075 δι
232 2004 257 2070 fr
278 2006 339 2068 h'o'c
365 1999 487 2088 quidem
503 2004 545 2067 e'st
559 2005 592 2067 in
605 1999 696 2080 vino,
716 2000 939 2083 dissolutionem
948 2025 1003 2069 na·

166 2083 265 2156 t'urae
281 2100 345 2151 tam
370 2086 458 2152 'valde'
469 2086 705 2168 perhorrescere:
725 2086 807 2167 quod
818 2088 892 2151 item
903 2087 943 2149 est
956 2107 1003 2150 re-

161 2171 419 2260 prehendendum
438 2171 471 2232 in
495 2166 607 2232 dmore.
628 2168 676 2232 sed
696 2170 764 2247 quia
784 2166 845 2245 fere
860 2165 899 2231 src
912 2166 1004 2233 affici-

166 2270 276 2323 untur
289 2272 408 2327 omnen,
428 2252 495 2316 satis
503 2250 673 2331 argumenti
693 2250 747 2327 est,
767 2252 803 2317 ab
815 2252 937 2315 interitu
950 2271 1006 2316 na·

161 2354 279 2405 turam
300 2335 475 2399 abhorrere:
511 2334 597 2416 idque
617 2352 679 2415 quo
700 2336 794 2413 magis
818 2332 939 2416 quidam
964 2336 1006 2399 ite'

163 2423 308 2494 faciunt,
328 2430 365 2480 ut
376 2416 440 2496 iure
453 2421 543 2482 etiarn
564 2416 827 2497 reprehendantur,¹
839 2416 898 2479 hoc
911 2414 1007 2496 magia

162 2500 408 2580 intelligendum
421 2499 475 2577 est,
505 2500 575 2563 haec
600 2498 660 2579 ipsa
677 2500 771 2563 nimia
782 2500 816 2562 in
833 2496 1005 2580 quibusdam
1066 2548 1070 2557 .

162 2590 277 2652 sutura
291 2601 356 2645 non
370 2579 465 2658 fuisse,
486 2580 540 2645 nifi
552 2582 695 2664 quaedam
713 2578 806 2645 effent
818 2582 937 2645 modica
949 2600 1006 2645 na·
1049 2616 1052 2625 ·

164 2671 258 2743 iura,
276 2669 336 2729 ne'c
357 2665 431 2729 iero
452 2666 519 2728 dico
545 2684 652 2727 eorum
668 2674 787 2727 metum
804 2663 923 2745 mortis,
956 2662 1008 2744 qui

169 2752 252 2837 quia
265 2748 376 2828 privari
398 2748 427 2811 se
440 2750 518 2812 uitae
535 2747 623 2811 bonis
649 2747 840 2822 arbitrentur,
860 2756 913 2810 aut
937 2750 1007 2830 quia

164 2832 318 2917 quasdam
344 2829 566 2910 postmortem
590 2826 762 2909 formidines
794 2828 1006 2906 extimescant,

166 2928 231 2983 aut
259 2910 282 2975 sr
303 2921 470 2991 metuant,
488 2930 527 2975 ne
545 2911 739 2975 cumdolore
760 2913 940 2987 moriantur,
961 2912 1006 2975 ic·

169 3002 264 3065 'circo
295 2995 429 3080 inortem
451 2996 591 3075 fugiant:
625 2995 658 3056 in
685 2994 782 3078 parvis
809 2996 893 3057 eninr
910 2994 1005 3074 saepe,

162 3082 228 3162 ‘qui
252 3076 329 3142 nihil
351 3096 459 3146 eorum
476 3078 626 3156 cogitant,
641 3074 661 3139 fi
674 3076 794 3158 quando
807 3076 860 3149 his⁸
872 3074 1008 3141 ludentes'

161 3164 338 3232 minamur
362 3162 604 3241 praecipitat-uros
622 3160 769 3237 alicunde,
791 3158 1006 3225 extimescunt.

159 3242 347 3333 'quinetiam
360 3242 568 3325 feraeinquit
588 3238 748 3319 Pacuuius,
821 3274 824 3279 ·
897 3248 998 3407 μ’

291 3348 296 3356 ·
371 3340 375 3347 ·
406 3357 408 3360 v
931 3340 960 3384 ιι
977 3341 1008 3386 ιιι
