2742 3909
377 392 380 399 λ
505 364 672 433 errr
715 362 761 431 H.
845 328 872 405 ⁸»
1008 374 1050 456 69

210 483 336 553 propter
351 468 470 550 ipsum?
492 469 564 551 quid
576 482 677 533 autem
690 468 734 533 est
747 490 857 549 amare,
877 493 969 557 equo
982 497 1043 541 uo·

209 574 284 621 men
298 554 413 617 dilium
426 552 574 616 amicitiae
586 552 641 627 est,
656 548 710 615 nist
724 551 899 620 vellebottis
910 558 1040 638 aliquem

208 634 286 699 affici
300 654 389 715 quam
403 634 555 710 maximis,
577 637 668 699 etiam
680 631 701 695 fi
714 635 750 697 ad
763 635 793 700 se
803 654 845 699 ex
856 638 891 701 iis
903 642 977 705 nihil
990 663 1038 705 re·

207 717 304 785 deat?
330 718 372 782 Et
380 719 500 803 quidem
520 716 647 798 prodest,
668 717 783 808 inquisg
800 720 873 783 mihi
886 743 925 787 eo
936 720 992 789 elli:
1004 747 1038 789 a·

209 803 310 867 trimo.
353 797 457 865 Immo
476 800 566 869 videti
586 796 713 863 fortalie.
735 797 791 863 elle
809 801 904 879 enim,
928 803 982 870 nist
1003 831 1036 875 e·

153 882 155 885 ’
205 887 260 959 ris,
284 902 350 947 non
364 896 459 965 potet.
483 883 533 962 qui
546 896 647 949 autem
660 880 718 948 effe
731 886 855 961 poteris,
877 884 930 950 nist
951 903 982 954 te
1001 912 1035 955 a·

204 985 279 1029 mor
291 967 352 1047 ipse
373 966 505 1046 ceperit?
536 965 617 1047 quod
635 984 701 1027 non
727 965 881 1033 subdubia
900 970 1036 1037 utilitatis

200 1050 324 1113 ratione
337 1043 413 1114 effici
433 1048 522 1123 solet,
555 1050 602 1112 sed
615 1048 739 1127 ipsuma
758 1049 787 1113 se
807 1049 917 1129 oritur,
934 1053 964 1115 u
983 1054 1034 1119 sua

199 1133 314 1212 sponte
339 1130 479 1195 nascitur.
544 1130 591 1193 At
613 1131 698 1197 enim
722 1130 828 1213 sequor
859 1133 1033 1202 utilitatem.

203 1212 351 1278 Manebit
363 1232 438 1294 ergo
449 1215 580 1279 amicitia
602 1224 666 1279 tam
678 1214 744 1288 diu,
762 1232 854 1296 quam
872 1219 955 1281 dius
1009 1221 1034 1267 ‘-

202 1312 258 1360 tur
270 1297 406 1360 utilitas:
436 1297 481 1372 bt,
510 1294 655 1363 stutilitas
671 1296 835 1363 amicitiam
856 1301 952 1365 consti
968 1318 1034 1381 net,
1054 1328 1061 1337 ·

202 1380 298 1443 tollet
309 1380 421 1445 eadem.
464 1378 599 1460 Sedquid
612 1395 680 1457 agee
691 1381 827 1457 tandem,
842 1377 863 1443 fi
878 1384 1035 1452 utilitasab

200 1463 339 1547 amicitia
358 1464 417 1545 (ut
443 1460 480 1525 fit
503 1458 607 1541 saepe)
628 1459 790 1532 defecerit?
826 1463 1033 1544 relinquesne?

200 1563 283 1627 quae
307 1544 361 1607 ista
376 1542 581 1613 amicitiaesti
612 1542 769 1610 retinebis?
799 1546 851 1627 qui
864 1551 1031 1615 convenit?

200 1628 280 1709 quid
287 1628 369 1691 enim
381 1626 558 1693 deamicitia
571 1624 715 1702 statueris,
736 1626 1032 1699 utilitatiscausaex-

196 1710 446 1790 tittenwiden.
489 1708 542 1775 Ne
555 1710 587 1773 in
597 1709 703 1775 odium
714 1711 846 1789 veniam,
868 1709 1036 1783 fiamicum

199 1793 345 1857 destitero
363 1794 451 1858 tueri.
506 1790 645 1861 Primum
657 1811 712 1855 cur
724 1793 778 1857 illa
789 1813 835 1859 res
857 1796 948 1877 digna
963 1801 1036 1880 odio

200 1874 262 1952 est,
282 1873 337 1939 nist
355 1876 438 1956 quod
464 1873 505 1939 est
528 1875 641 1956 turpis?
667 1873 820 1953 Queat,
844 1897 883 1943 ne
908 1900 972 1963 quo
985 1881 1033 1949 in·

185 1960 375 2022 ·comm0do
393 1954 529 2033 afficiare,
563 1975 630 2021 non
650 1956 797 2036 relinque
815 1962 971 2027 amicum:
991 1978 1036 2035 tae

154 2106 155 2111 ,
200 2060 295 2115 men,
316 2060 355 2105 ne
367 2037 535 2107 finefruttu
548 2040 685 2119 alligatus
696 2036 744 2113 fis,
765 2053 800 2102 ut
822 2043 983 2121 moriatur,
997 2068 1034 2109 ο·
1099 2076 1105 2084 ’

198 2123 312 2206 ptabis.
357 2122 453 2205 Qiod
469 2120 491 2186 fi
505 2141 570 2185 non
579 2122 674 2184 modo
683 2121 847 2186 utilitatem
855 2123 907 2187 tibi
916 2125 1036 2193 nullam

200 2203 325 2281 afferet,
344 2203 391 2270 sed
402 2204 531 2283 iabiurae
547 2206 588 2271 rei
603 2201 753 2267 familiaris
764 2219 855 2269 erunt
866 2206 1034 2288 faciundae,

199 2290 322 2353 labores
349 2288 537 2369 suscipiendi,
557 2286 728 2353 adeundum
745 2286 825 2353 vitae
845 2290 1036 2369 periculum:

199 2384 326 2437 netum
338 2372 459 2452 quidem
473 2383 503 2434 te
515 2364 701 2449 respicim&
715 2369 860 2450 cogitabis
866 2368 916 2435 sibi
926 2393 1035 2455 quem·
1102 2380 1105 2386 '

197 2474 266 2537 que
274 2466 382 2517 natum
394 2449 464 2530 effe,
478 2452 508 2519 u
521 2452 578 2516 suis
590 2451 815 2535 voluptatibus?
837 2455 943 2519 vadem
956 2472 987 2520 te
999 2460 1037 2521 ad

196 2550 341 2602 mortem
353 2548 486 2631 tyranno
496 2535 574 2599 dabis
587 2553 643 2614 pro
655 2537 769 2610 amico,
791 2548 827 2599 ut
849 2534 1038 2619 Pythagore-

198 2638 242 2683 ue
251 2616 304 2681 ille
317 2617 386 2684 fecit
395 2616 497 2683 Siculo
506 2618 663 2703 tyranno?
687 2632 742 2687 aut
758 2614 885 2700 Pylades
897 2640 969 2685 cum
988 2621 1036 2701 fis,

197 2704 284 2765 dices
296 2713 324 2765 te
336 2696 391 2764 effe
401 2697 555 2775 Orestem,
575 2713 611 2762 ut
621 2701 749 2765 moriare
767 2704 953 2779 proamico?
969 2719 1036 2780 aut,

198 2783 224 2849 fi
240 2780 311 2846 ell'ee
326 2778 460 2858 Orestes,
480 2780 625 2865 Pyladem
639 2782 795 2856 refelleres,
816 2796 847 2846 te
864 2786 1006 2858 indicares
1022 2789 1034 2851 ἓ

198 2867 253 2942 ar,
284 2862 348 2961 fiiri
363 2884 428 2929 non
445 2869 595 2946 probares,
618 2884 681 2948 quo
695 2866 797 2928 minus
811 2870 901 2931 ambo
911 2891 972 2936 una
982 2893 1037 2935 ne·

197 2966 364 3095 &iiiiii
374 2948 628 3095 n(Ii'napieitaiteites2
644 3042 678 3093 tu
696 3030 832 3112 quidem,
859 3028 1039 3119 Torquate,

197 3116 280 3181 haec
303 3114 419 3177 omnia.
435 3112 510 3178 nihil
529 3114 611 3176 enim
629 3113 756 3191 arbitror
769 3132 881 3195 magna
893 3115 978 3182 laude
994 3120 1041 3182 ‹li-

196 3216 319 3277 gnum,
340 3196 423 3277 quod
437 3208 466 3261 te
477 3192 749 3277 praetermissurum
762 3198 880 3261 credam
893 3214 944 3263 aut
957 3220 1042 3265 mor·

195 3283 252 3361 tie,
277 3292 331 3347 aut
350 3278 461 3349 doloris
474 3279 817 3427 metu.En0nquaeritur
832 3294 949 3368 eutem²
970 3285 1044 3365 quid

619 3380 634 3439 3
737 3395 739 3404 ·
921 3378 1047 3433 natutae
