2742 3909
1139 188 1213 204 ,Νη

359 345 420 447 rl6
499 342 1091 443 neminemnam„

353 468 432 533 cons
462 468 600 531 uentibus
623 464 724 529 vestris
744 464 875 539 sublatis,
897 464 993 544 prima
1017 461 1167 527 tollantur.

352 571 427 640 quae
457 550 730 632 equunturigitur:
762 566 882 621 omnes,
903 547 1033 628 quinon
1048 548 1165 615 suntla-

351 636 477 715 pientes,
498 624 801 716 aeque-miseroselle:
824 629 964 709 sapientes
978 631 1164 693 omnessum-

335 704 401 793 [me
424 718 524 780 beatos
546 713 623 778 elle:
644 712 723 777 redte
739 710 816 773 faeta
839 712 944 776 omnia
969 731 985 773 a
1022 712 1114 775 ualia:
1133 732 1163 773 o
1212 758 1213 767 ,

350 799 434 863 mnia
447 812 566 879 peccata
587 799 676 877 paria.
707 814 782 877 quae
806 814 879 857 cum
897 796 999 873 magni
1021 815 1056 858 ce
1074 794 1164 873 primo

336 880 408 944 'dici
437 882 619 960 viderentur,
667 874 848 941 considerata
874 876 974 939 minus
996 879 1161 957 probantur.

349 962 447 1030 sensus
465 944 713 1043 enim⁰cujusque,
742 958 894 1023 &natura
910 976 1026 1036 rerum,
1046 975 1128 1041 atque
1139 962 1162 1029 i,-

347 1043 398 1127 psa
418 1048 523 1111 veritas
541 1045 685 1107 clamabat
711 1044 840 1121 quodam
864 1044 971 1116 modo,
1004 1063 1068 1105 non
1090 1039 1162 1123 polle

335 1130 466 1207 adduci,
488 1142 523 1191 nt
537 1129 614 1191 inter
632 1148 678 1192 eas
691 1145 748 1202 res,
769 1142 842 1207 quas
866 1124 959 1188 ,Zeno
978 1139 1161 1209 exaequaret,

346 1211 421 1276 nihil
436 1207 592 1275 intereffet.

388 1291 466 1356 XX.
488 1290 597 1356 Posa
611 1311 630 1353 a
642 1308 666 1351 n
692 1304 763 1353 tuus
779 1288 829 1353 ille
846 1286 1014 1364 Poenulus,
1036 1288 1048 1372 (
1064 1290 1114 1353 scis
1129 1310 1157 1353 e·

345 1377 411 1440 nim
431 1376 576 1449 Citiaeos,
610 1374 732 1438 clientes
755 1386 836 1447 tuos,
881 1370 1069 1436 ePhoenica
1093 1390 1158 1453 pro-

344 1458 462 1541 fedtot)
481 1460 577 1523 homo
600 1458 693 1538 igitur
719 1468 826 1519 acutus
846 1452 966 1517 causam
993 1474 1059 1518 non
1085 1456 1158 1518 obri·

344 1562 431 1619 nens,
453 1554 637 1623 repugnante
658 1540 777 1614 natura',
805 1539 893 1601 verba
910 1536 1023 1602 versare
1044 1539 1158 1617 coepit:

345 1623 377 1688 dt
400 1628 533 1706 primum
557 1624 643 1686 rebus
669 1623 714 1697 iis,
736 1639 810 1704 quas
822 1639 878 1683 nos
898 1620 990 1683 bonas
1010 1620 1155 1697 ducimus,

341 1705 494 1781 concessit,
517 1719 552 1768 ut
560 1706 737 1767 haberentur
758 1716 854 1783 aptae,
875 1702 995 1780 habiles,
1012 1702 1042 1766 dt
1057 1705 1093 1766 ad
1108 1724 1156 1767 na·

342 1802 442 1851 turam
456 1788 715 1851 accommodatae:
736 1786 876 1867 laterique
895 1788 1008 1865 coepit,
1030 1786 1159 1865 sapienti,

341 1870 401 1933 hoc
413 1870 466 1945 est,
488 1870 604 1933 summe
616 1871 715 1946 beato,
737 1867 926 1933 commodius
939 1881 1040 1931 tamen
1054 1866 1120 1943 elle,
1140 1866 1158 1931 fi

326 1952 374 2016 'ea
391 1972 510 2036 qnoque
527 1954 642 2028 habeat,
663 1970 740 2034 quae
757 1953 837 2014 bona
851 1970 915 2013 non
928 1952 1018 2015 audet
1032 1950 1155 2033 appella-

339 2054 393 2111 re;
415 2031 522 2102 natura
533 2038 593 2118 ipsa
605 2034 833 2099 accommodata
846 2030 900 2097 else
915 2035 1075 2113 ¹concedit:
1109 2054 1157 2097 ne·

324 2120 460 2203 'gatqne,
481 2119 653 2195 Platonem,
676 2116 822 2197 fisapiens
844 2135 908 2179 non
923 2114 970 2193 sat,
991 2117 1096 2181 eadem
1108 2113 1157 2181 ell'e

335 2204 369 2266 in
388 2202 489 2279 causa,
518 2222 576 2347 flata
594 2215 762 2283 tyrannum
777 2196 975 2281 Dionysium.
996 2198 1070 2262 huic
1084 2201 1158 2263 mori
1192 2216 1194 2223 ’

321 2285 518 2363 'optimnme
539 2308 568 2361 e,
591 2297 712 2365 propter
729 2282 962 2363 desperationem
985 2284 1157 2361 sapientiae:

332 2364 391 2444 illi,
412 2382 534 2448 propter
547 2368 643 2449 spem,
652 2368 755 2429 vivere
769 2386 777 2426 :
820 2377 919 2435 eccata
935 2376 1040 2427 autem
1048 2366 1158 2445 partim

331 2446 388 2513 effe
412 2450 584 2526 tolerabilia,
617 2450 728 2529 partim
749 2382 839 2511 nullo
865 2448 972 2522 modo,
1004 2463 1160 2529 propterea

329 2533 413 2615 quod
426 2533 481 2597 alia
499 2544 620 2614 peccata
633 2531 745 2613 plures,
766 2530 822 2593 alia
836 2530 988 2608 pauciores
1001 2528 1085 2609 quast
1100 2550 1157 2594 nu·

321 2615 430 2680 'meros
443 2612 534 2680 officii
546 2616 746 2696 praeterirent.
772 2612 836 2693 jam
849 2608 1015 2691 insipientes
1028 2613 1106 2677 alios
1117 2614 1157 2677 ita
1211 2644 1212 2659 π

328 2696 398 2773 effe,
420 2712 456 2763 ut
476 2697 564 2762 nullo
589 2698 682 2760 modo
702 2696 739 2759 ad
758 2694 930 2775 sapientiam
970 2691 1069 2760 olsent
1090 2716 1156 2777 per·

327 2780 553 2856 venireaalioa,
575 2782 626 2859 qui
641 2775 772 2861 possent,
795 2774 815 2839 fi
839 2776 868 2839 id
891 2796 926 2855 ge
960 2770 1048 2854 ssent,
1079 2780 1153 2858 sapi·

313 2866 442 2938 ¹entiam
471 2860 622 2945 consequi.
674 2860 735 2924 Hic
747 2860 924 2940 loquebatur
946 2860 1045 2936 aliter,
1064 2874 1154 2943 atque

325 2966 448 3011 omnes:
483 2944 624 3009 sentiebat
642 2945 734 3018 idem,
768 2943 848 3020 quod
877 2943 976 3005 ceteri.
999 2962 1057 3006 nec
1081 2960 1151 3007 veto

324 3029 451 3093 minoris
473 3028 651 3091 aestimanda
676 3025 800 3089 ducebat
823 3045 869 3098 ea,
890 3040 966 3105 quae
994 3024 1056 3105 ipse
1074 3026 1152 3088 bona

323 3126 445 3190 negaret
458 3107 525 3186 effe,
546 3129 640 3191 quam
653 3108 710 3183 illi,
732 3106 785 3188 qui
802 3108 923 3169 eabona
932 3104 987 3170 ele
1000 3108 1147 3171 dicebant.

322 3189 409 3272 Qid
422 3194 514 3278 igitur
527 3194 627 3263 voluit
641 3189 704 3272 fibi,
726 3190 778 3266 qui
800 3188 850 3250 illa
868 3190 1058 3253 mutaveritd
1081 3186 1144 3251 Sal-

320 3282 383 3335 tem
403 3272 515 3351 aliquid
532 3274 568 3336 de
584 3273 717 3351 pondere
729 3266 912 3347 detraxisset,
927 3268 957 3335 dt
971 3272 1078 3351 paullo
1093 3270 1150 3363 rni-

1066 3368 1148 3416 nom
