2742 3909
497 370 588 436 Ltr'r
606 389 624 434 a
642 389 665 433 n
707 365 750 433 11.
993 379 1039 447 ‘47

210 470 359 537 dumz&
387 471 557 535 luxuriosus
580 473 686 534 eodem
711 469 813 533 modo.
857 467 963 554 Qralis
986 472 1040 540 ista
1128 493 1131 498 ’

211 557 398 636 phisosopliia
412 555 467 631 est,
488 575 562 635 quae
575 574 640 616 non
655 555 812 615 interitum
826 552 925 617 afferat
937 557 1037 635 pravi·
1099 555 1104 564 ’

211 642 291 713 tatis,
330 641 377 701 sed
400 636 435 698 stt
471 639 614 731 efflata
638 637 844 699 mediocritate
863 637 1035 703 vitiorum?

209 741 393 804 quamquam
415 723 446 781 in
465 722 520 782 hac
548 718 691 781 divisione
721 737 783 782 rem
806 719 900 797 ipsam
918 721 1037 799 prorsus

211 807 327 884 probo:
353 804 531 882 elegantiam
543 801 681 864 desidem.
704 800 831 881 appertet
845 802 916 867 haec
929 801 1037 869 deside-

210 889 254 949 ria
278 900 422 958 naturae:
454 887 620 966 cupiditatis
641 903 756 946 nomen
779 883 873 946 servet
892 884 966 961 aiio,
986 899 1039 965 ut,

212 990 286 1032 cum
303 970 340 1030 da
363 968 497 1052 avaritia,
516 988 587 1030 cum
602 968 637 1028 de
651 968 890 1046 intemperantia,
916 987 990 1032 cunr
1001 971 1038 1034 de

213 1053 356 1114 maximis
383 1051 462 1112 vitiis
482 1050 631 1128 ioquetut,
667 1069 737 1113 eam
763 1062 917 1129 tamquam
934 1051 1038 1132 capitia

212 1135 341 1197 accuset.
380 1130 440 1195 ,Sed
464 1133 537 1195 haec
557 1134 677 1215 quidem
692 1133 813 1194 liberius*
825 1133 860 1194 ab'
878 1151 915 1195 eo
929 1133 1038 1198 dicun·

214 1232 278 1292 tur,
294 1217 324 1278 δι
338 1212 457 1295 saepius.
467 1215 548 1296 quod
561 1217 698 1297 equidem
711 1235 779 1278 non·
789 1215 984 1293 reprehendo:
994 1215 1037 1282 est
1066 1245 1071 1256 ¹

212 1300 299 1363 enim
312 1299 387 1361 tanti
400 1298 583 1378 philosophi,
605 1311 726 1379 tamque
752 1297 873 1374 nobilis,
900 1297 1041 1366 audastet'

209 1383 263 1445 sua
277 1381 392 1453 decreta
404 1380 565 1445 defendere.
587 1380 633 1442 sed
641 1393 743 1442 tamen
752 1399 791 1442 ex
801 1401 854 1456 eo,
877 1383 959 1466 q‘uod
969 1401 1038 1450 eam

209 1465 402 1544 voluptatem
419 1463 535 1544 (quam
546 1482 651 1524 omnes
667 1475 769 1542 gentes
781 1463 1037 1547 hocnomineap⁸

210 1545 354 1628 pellant)
384 1545 501 1609 videtur
522 1545 685 1624 amplexari
710 1545 792 1623 saepe
818 1543 1059 1625 vehementium*
1115 1577 1123 1593 κ

210 1631 245 1691 in
272 1629 388 1708 magnis
405 1629 559 1691 interdum·
570 1627 700 1690 versatur
720 1627 872 1706 angustiis,
900 1640 949 1704 ut,
977 1628 1035 1694 ho·

211 1710 526 1774 minumeonscientia
552 1723 680 1786 remota,
705 1709 784 1774 nihit
804 1723 866 1774 tarn
887 1722 935 1775 tur
986 1709 1039 1790 stt,

207 1795 296 1876 quod
314 1792 480 1874 voluptatis
499 1794 584 1873 causa
605 1789 881 1859 nonvideatureffe
893 1793 921 1858 sa
954 1813 1039 1862 urum

159 1913 164 1922 ·
211 1877 334 1954 deinde,
348 1877 397 1939 ubi
411 1877 527 1948 erubuit
548 1878 559 1960 (
573 1876 618 1939 vis
625 1877 709 1939 enim
717 1876 757 1940 est
771 1895 933 1958 permagna
944 1891 1036 1945 natu·

209 1957 285 2035 rae)
310 1959 448 2037 confugit
470 1957 555 2034 illue,
569 1968 612 2039 ut,
624 1970 713 2036 neget
725 1961 861 2023 accedere
871 1960 1036 2043 quidquam

207 2039 295 2124 posse
311 2043 346 2104 ad
365 2043 557 2124 voluptatem
566 2040 641 2102 nihil
654 2040 792 2104 detentis.
839 2041 890 2103 =A=t
903 2041 954 2105 iste
969 2054 1040 2108 notr'

208 2125 334 2189 dolendi
346 2124 434 2187 status
446 2143 512 2187 non
525 2135 651 2185 vocatur
668 2121 825 2202 voluptati
860 2119 939 2186 Non
951 2120 1035 2192 labo·¹

208 2215 262 2284 ro,
285 2207 396 2288 inquit,
420 2205 572 2269 denomin
590 2219 602 2267 3·
646 2202 743 2286 Quid,
760 2205 842 2285 quod
854 2221 898 2268 res
913 2203 970 2268 alia
983 2217 1035 2270 to·

208 2295 242 2353 t'a
260 2288 324 2354 est?
347 2287 507 2368 Reperiam
526 2228 652 2362 mustos,
675 2287 724 2350 vel
738 2286 1034 2370 innumerabiletpo-

207 2376 285 2448 tim,
313 2386 379 2434 non
391 2381 458 2435 tam
467 2371 611 2446 curiosos,
633 2383 762 2433 nectam
770 2371 924 2446 molestos,
942 2381 1040 2453 quarta*

208 2475 269 2517 vos
288 2455 372 2518 estis:
392 2452 508 2535 quibjus,
533 2453 675 2535 quidquid
688 2454 793 2529 velim,
821 2452 1036 2533 sacil'epersua·

208 2541 310 2601 deam.
346 2533 440 2623 ⁴Qrid
455 2556 527 2617 ergo
540 2537 719 2612 dubitamus,
739 2537 826 2619 quin,
851 2533 872 2598 st
893 2553 960 2598 non
977 2535 1036 2600 do·

207 2622 274 2702 sere
294 2617 434 2698 voluptas
458 2617 493 2682 sit
513 2621 641 2694 summa,
664 2617 792 2683 nonesse
811 2617 1033 2698 inuoluptate,

208 2701 303 2766 dolor
319 2699 354 2764 stt
371 2701 544 2766 maximus?
566 2720 621 2764 cur
637 2696 793 2778 id‘nonit'a
809 2699 865 2780 siti
889 2698 1042 2784 thadoae

212 2785 276 2849 sori
290 2803 355 2847 non
370 2783 510 2865 voluptas
531 2785 679 2848 contraria
692 2783 746 2859 est,
776 2783 825 2846 sed
847 2781 957 2849 dosoris
973 2785 1044 2866 pti·-

208 2866 309 2932 vatin.

256 2949 303 3014 X.
325 2947 565 3040 “s-Hoeveto·
579 2950 773 3035 nonvider'e,
798 2951 1038 3032 mxtmoargua

210 3045 338 3104 mento,
348 3028 404 3095 efle
412 3033 601 3114 voluptatem
614 3031 698 3102 illam
712 3058 722 3107 3
742 3048 798 3112 qua
804 3031 928 3110 sublata,
944 3043 1038 3114 neget·

210 3119 241 3180 se
255 3113 423 3194 intelligere
433 3117 578 3193 omnino,
603 3117 676 3197 quid
693 3113 728 3179 sit
753 3119 880 3179 b'onurm
904 3133 1038 3180 eamau-

206 3200 329 3264 tamira
341 3197 534 3278 persequitur,
552 3218 627 3281 quae
639 3199 740 3279 palato
747 3199 937 3280 percipiatur,
951 3215 1041 3283 quae

205 3283 347 3347 auribus:
363 3291 473 3350 uetera
490 3283 585 3362 addit,
621 3299 695 3362 quae
717 3279 899 3365 saappelses,
921 3281 1043 3430 epagos

869 3381 920 3447 pra
949 3382 986 3430 an
1006 3377 1040 3425 us
