2742 3909
324 404 366 464 7⁰
491 337 1028 447 DuFruLHou.rrMan.

327 496 451 549 naturae
481 481 718 547 consentaneum
740 475 790 556 tit,
811 478 861 542 sod
883 478 955 563 quid
978 476 1163 559 disciplinae.

328 568 408 631 ratio
422 564 487 639 ista,
508 582 601 646 quam
613 564 767 637 deiendir3
790 575 957 645 praecepta,
977 580 1058 643 quae
1087 562 1163 625 didi·

329 648 406 723 cisti,
428 666 504 728 quae
516 648 634 742 probas,
656 647 792 710 funditus
811 658 954 711 evertunt
971 645 1162 709 amicitiam:

328 732 465 813 utramvis
481 749 549 794 eam
562 727 722 812 Epicurus,
743 741 779 791 ut
791 729 875 803 facit,
895 730 929 793 in
942 726 1067 792 coelum
1089 726 1160 793 effe-

240 810 244 815 ’
329 826 378 879 rat
406 813 547 879 laudibus.
599 812 645 876 At
667 811 764 875 coluit
788 811 849 891 ipse
868 812 1025 876 amicitias.
1068 806 1163 892 Qafi

328 894 496 981 quirillum
509 908 598 976 neget
611 895 642 959 &r
656 897 773 959 bonurn
786 896 899 970 virurn,
921 894 953 956 u
975 911 1114 968 comem,
1130 892 1159 957 δι

215 1024 218 1033 ,
326 982 498 1045 humanum
520 974 613 1042 fuisse.
645 979 683 1045 de
699 978 822 1057 ingenio
837 976 905 1060 ejus
924 975 1015 1039 inhis
1026 976 1160 1055 disputa·

326 1064 473 1141 tionibus,
504 1080 570 1125 non
592 1061 629 1124 de
651 1062 785 1125 moribus
808 1055 1028 1145 quaeritante
1052 1060 1107 1123 ista
1127 1061 1159 1125 in

330 1144 526 1215 Graecorum
539 1142 660 1225 levitate
672 1140 856 1227 perversitas,
870 1144 923 1226 qui
932 1141 1099 1207 maledictis
1111 1143 1159 1207 in·

194 1244 200 1257 ·
328 1229 481 1301 scetantur
499 1230 569 1302 eos,
604 1226 739 1305 aqussrur
754 1227 791 1290 de
815 1226 944 1291 veritate
972 1220 1158 1293 diss'entiunt.

327 1310 385 1380 Sed
403 1309 539 1393 quamvis
564 1309 676 1373 cornis'
696 1311 730 1373 in
754 1307 1029 1375 amicitiisftueudis
1055 1309 1160 1385 fuerit,

328 1408 445 1469 tamen,
475 1390 583 1457 sihaec
594 1409 663 1456 vera
676 1393 759 1469 sunt,
795 1391 894 1475 (nihii
909 1392 995 1455 enim
1016 1387 1160 1472 affirmo)

326 1496 396 1542 non
419 1474 485 1540 satis
501 1489 606 1539 acutus
619 1474 686 1539 fuit.
732 1476 778 1539 A't
788 1475 892 1540 multis
900 1470 930 1540 se
942 1474 1108 1556 probavit:
1130 1475 1162 1539 δι

326 1561 450 1643 quidem
458 1558 524 1638 jure
536 1556 653 1622 fortaii'e
668 1578 675 1618 :
697 1558 742 1623 sed
755 1571 859 1622 tamen
872 1576 938 1622 non
949 1554 1161 1637 grauiffirnuur

253 1671 255 1677 ·
328 1643 371 1709 est
386 1642 591 1707 testiinonium
605 1633 818 1705 multitudinis.
840 1641 872 1703 in
886 1641 973 1703 omni
982 1641 1071 1705 enirn
1083 1655 1160 1721 arte,

327 1726 378 1789 vei
393 1724 502 1798 studio,
517 1723 565 1787 vei
577 1724 682 1805 quavis
694 1724 827 1801 scientia,
848 1724 942 1791 vulin
957 1722 1019 1802 ipsa
1032 1725 1161 1805 virtute,

327 1808 484 1891 optimum
496 1806 625 1887 quidque
637 1805 814 1871 rarissimum
833 1805 887 1871 est.
922 1807 990 1869 ..Ac
1001 1806 1081 1871 mihi
1114 1810 1162 1871 ui·

161 1888 167 1905 '
276 1914 278 1919 ’
327 1891 411 1964 dem,
440 1888 522 1970 quod
545 1886 906 1968 &ipsebonusvirfuiu
928 1827 1161 1972 &multiflu-

329 1972 413 2037 eurei
431 1975 565 2047 fuerunt,
596 1972 728 2038 &hodie
740 1973 811 2049 sunt
840 1971 871 2037 ἃ
897 1974 930 2037 in
951 1973 1094 2037 amicitiis
1121 1974 1161 2039 fi·

327 2054 420 2131 delur,
441 2054 518 2123 &in
533 2056 619 2119 omni
632 2057 696 2119 vita
714 2056 896 2130 constantes,
922 2055 1085 2135 ἄφνω,
1104 2076 1162 2122 nee

325 2139 499 2221 voluptate,
530 2138 578 2203 sed
598 2132 699 2205 officio
719 2137 844 2205 consilia
857 2140 1071 2214 moderanter,
1099 2140 1164 2205 hoc

320 2222 444 2289 uidetur
459 2218 555 2303 major
567 2222 612 2295 vis
630 2220 805 2298 honestatis,
819 2219 850 2283 δι
864 2222 966 2286 minor
978 2220 1163 2301 voluptatis.

325 2304 735 2385 itaenimviruntquidam,
756 2304 982 2368 uteorumvita
1002 2302 1162 2371 refellatur

324 2386 437 2451 ontio.
451 2398 540 2465 atque
552 2397 589 2447 ut
601 2387 690 2451 ceteri
700 2387 908 2452 existimantur
925 2388 1023 2455 dicere
1033 2388 1163 2468 meiius,

324 2470 542 2565 quamfacere:
564 2464 604 2533 fic
622 2468 653 2533 hi
674 2470 750 2534 mihi
762 2470 902 2535 videntur
918 2470 1012 2536 facere
1032 2472 1162 2553 melius,

274 2624 275 2629 ’
322 2554 540 2699 ᾳυῗΧάῑιΙςΙεῖοέ
551 2652 570 2695 a
583 2650 606 2695 o
625 2634 710 2701 haec
726 2636 884 2704 nihilsane
898 2635 1023 2702 adrem.
1044 2632 1103 2701 iiia
1112 2640 1162 2703 vi·

324 2718 459 2794 deamus,
477 2736 554 2803 uuae
566 2738 584 2780 a
595 2732 626 2783 te
637 2720 674 2782 de
689 2720 821 2783 amicitia
836 2716 917 2782 dicta
934 2716 1015 2781 suut.
1048 2738 1067 2781 e
1086 2725 1163 2804 qni-

224 2874 225 2882 *
322 2802 379 2865 bus
403 2818 502 2871 unum
520 2800 595 2865 mihi
609 2802 729 2866 videbar
749 2802 785 2865 ab
802 2803 875 2882 ipso
888 2798 1024 2882 Epicuro
1035 2800 1162 2869 dicum

323 2885 527 2965 cognoscere:
545 2885 709 2949 amicitiam
722 2905 739 2950 a
752 2884 913 2965 voluptate.
923 2904 989 2947 non
1006 2880 1092 2965 poffe
1111 2890 1163 2955 ‹ti-

199 3007 207 3018 ·
319 2968 407 3044 uelli,
427 2968 467 3031 ob
488 2982 613 3051 eamque
633 2987 711 3045 rem,
724 2967 883 3035 colendam
901 2962 970 3043 effe,
989 2968 1073 3050 quod
1093 2966 1164 3037 fine

217 3072 219 3077 ·
290 3079 293 3089 Δ
322 3066 358 3114 ea
375 3063 459 3126 tuto,
474 3046 504 3113 tr
518 3047 580 3113 fine
593 3064 676 3117 metu
690 3049 754 3115 vivi
766 3070 832 3114 non
845 3046 954 3133 poffet,
974 3048 1162 3134 necjucun·

321 3134 361 3197 de
379 3136 501 3278 quidem
519 3130 627 3215 posset.
683 3132 758 3199 Satis
778 3134 821 3197 est
833 3135 870 3197 ad
882 3133 944 3198 hoc
962 3134 1161 3216 responsum.

318 3227 386 3279 attu
400 3214 443 3279 isti
468 3216 550 3280 aliud
585 3216 746 3281 humanius
785 3216 899 3281 horum
930 3218 1161 3298 recentiorum,

318 3316 486 3383 numquam
509 3296 626 3365 dicium
638 3302 675 3366 ab
692 3299 757 3382 ipso
770 3298 840 3383 iilo,
859 3300 943 3387 quod
957 3298 1066 3370 sciam:
1088 3304 1163 3453 pg.

403 3445 405 3451 s
1139 3404 1163 3450 ο
