2742 3909
360 403 364 409 ,
497 325 555 395 Lr
571 344 591 391 n
605 344 664 395 u
705 324 750 397 V.
996 329 1052 394 181
1114 392 1116 397 .

223 422 436 505 nosmetipsos.
465 425 603 523 cognitio
634 437 737 491 autern
763 424 835 488 haec
854 420 895 489 est
922 440 999 500 una,
1015 424 1084 493 ιιΐι

220 508 290 569 vim
299 506 392 572 nostri
399 519 534 589 corporis
553 506 709 591 animique¹
719 508 866 583 norimus,
881 506 1049 586 sequamur·

219 606 385 751 &mmm
416 590 524 669 viram,
543 609 629 683 'quar
663 589 747 655 rebus
767 586 842 669 ‘ipfis
869 588 1047 669 perfruatur.

261 672 389 738 uoniam
412 683 515 737 autem
540 691 564 735 rs
583 672 677 736 animi
702 672 879 755 appetitura
900 672 1050 753 principio

210 751 294 827 ruit,
316 765 352 815 ur
373 772 421 831 oa,
444 771 516 834 quae
541 753 618 830 dixi,
630 772 723 837 quam
746 749 1047 836 perferriffimaana·

216 847 290 896 tura
311 833 496 900 haberemus:
525 832 735 909 confitendum
748 834 802 914 est,
822 854 895 899 cum
907 834 936 899 id
948 836 1047 917 adepti

213 912 324 990 fimus,
357 918 438 999 quod
459 918 625 997 appetitum
642 914 691 993 fir,
710 917 743 980 in
761 936 798 987 eo
819 914 904 1062 puasr
932 916 1047 985 ultimo

214 997 378 1078 conistere
396 1010 551 1076 maturum,
579 1014 669 1082 atque
691 999 720 1063 id
738 996 793 1063 effe
833 1017 973 1069 ummum
989 1002 1046 1064 bo·

211 1098 313 1143 numo
333 1082 415 1163 quod
430 1094 510 1148 certe
519 1080 692 1145 uuiversum
703 1082 754 1147 sua
767 1081 872 1164 sponte
880 1082 978 1163 ipsum
987 1100 1045 1147 ex·

211 1162 293 1243 peti,
310 1160 340 1224 δι
360 1174 483 1244 propter
494 1162 535 1240 se,
549 1159 659 1228 neceffe
671 1162 726 1247 ost,
745 1164 890 1259 quoniam
910 1174 982 1228 ante
993 1164 1044 1229 de·

210 1240 486 1323 monstratumest,
500 1247 591 1309 etiam
604 1242 803 1329 singulasrjus
815 1258 910 1325 partes
922 1241 977 1313 esse
990 1264 1044 1326 per

211 1324 246 1391 se
275 1328 465 1405 expetendas.
489 1324 546 1404 ¹In
565 1327 770 1391 enumerandis
796 1328 1064 1408 autemcorporiu-
1117 1333 1129 1391 ’,

207 1407 387 1488 commodis
399 1405 486 1490 fiquis
506 1405 735 1489 praetermiffam
760 1410 881 1472 anobis
899 1408 1042 1490 volupta-

210 1503 280 1553 tem
300 1489 429 1569 putabit,
451 1492 484 1554 in
502 1490 582 1553 aliud
595 1502 712 1573 tempus
724 1490 853 1572 quaestio
879 1488 1040 1559 differatur.
1070 1510 1076 1517 ·

209 1586 323 1634 utrum
337 1574 419 1635 enim
432 1569 467 1635 fit
481 1570 620 1653 voluptas
637 1573 670 1635 in
684 1572 717 1635 iis
730 1574 827 1648 rebus,
845 1590 919 1655 quas
931 1574 1041 1653 primas
1085 1577 1095 1593 ·“
1125 1627 1130 1635 .

209 1655 380 1719 secundum
393 1668 531 1718 naturam
545 1651 600 1719 effe
612 1655 755 1729 diximus,
777 1670 872 1719 necne
884 1652 932 1731 fit,
946 1656 982 1720 ad
996 1657 1040 1733 id,

207 1737 298 1817 quod
320 1738 449 1817 agimus,
470 1735 545 1800 nihil
571 1736 701 1800 interest.
736 1732 757 1799 fi
786 1736 867 1801 enim
889 1736 900 1808 i
912 1748 946 1799 ut
961 1738 1038 1805 mihi

206 1819 332 1895 quidem
366 1817 504 1899 viderur)
533 1838 597 1882 non
614 1818 716 1899 explet
734 1820 814 1884 bona
835 1831 957 1890 naturae
982 1839 1040 1885 vo·
1067 1872 1069 1876 .

153 1981 154 1984 Ἴ
206 1897 324 1979 luptas,
352 1895 631 1981 juropraerermiffa
644 1900 704 1977 est.¹
733 1899 775 1965 fin
793 1901 878 1965 estin
892 1921 937 1975 ea,
958 1904 1040 1979 quod

205 1983 331 2064 quidam
344 1981 469 2058 volunt,
491 1982 565 2047 nihil
575 1984 702 2064 impedit
714 1980 845 2045 nostram
856 1983 935 2045 hanc
950 2002 1038 2047 com-

206 2062 440 2143 prehenfionem
463 2064 571 2128 summi
583 2065 666 2209 Qui.
700 2082 772 2143 quae
783 2064 866 2127 enim
877 2064 1040 2141 constituta

206 2146 283 2209 sunt
295 2149 392 2227 prima
410 2159 545 2221 naturae,
580 2167 597 2209 a
628 2144 696 2212 eafi
713 2146 852 2226 voluptas
877 2141 1037 2223 accerserit,
1108 2142 1113 2149 ’

205 2248 311 2301 unum
321 2229 439 2309 aliquod
453 2225 599 2305 acoess'erit
611 2228 810 2293 commodum
822 2229 967 2307 corporis,
981 2248 1036 2293 nee

205 2331 268 2393 que
289 2330 357 2382 mm
382 2310 632 2383 constitutionem
659 2310 768 2374 summi
793 2308 878 2386 boni,
900 2328 974 2393 quae
995 2311 1053 2377 ust'
1099 2352 1103 2363 ·

203 2390 375 2476 proposita,
397 2394 568 2459 mutaverit.
596 2456 599 2461 ,
678 2451 682 2455 Α

247 2465 365 2554 XVII,
385 2472 449 2545 Er
468 2474 565 2549 adhuc
578 2473 696 2553 quidem
717 2474 758 2546 ita
780 2474 864 2545 nobis
882 2470 1037 2555 ,progressa

202 2558 285 2619 ratio
299 2556 354 2636 ost,
369 2571 405 2621 ut
422 2577 456 2628 oa
468 2559 622 2629 duceretur
631 2557 730 2619 omnis
743 2576 763 2621 a.
769 2558 864 2637 prima
876 2575 1035 2626 commen-

153 2645 154 2648 ’
203 2640 331 2715 datione
342 2642 475 2712 naturae,
497 2659 580 2703 nunc
596 2651 698 2702 autem
706 2638 785 2713 aliud
794 2636 857 2721 Jam
874 2656 1034 2719 argrrmen·

202 2722 289 2784 tandi
298 2720 456 2802 sequamur
468 2738 575 2801 genus,
589 2733 699 2783 utnon
714 2718 811 2789 solum
820 2721 889 2802 quia
902 2741 958 2785 nos
967 2720 1036 2787 ‹fili-

202 2823 327 2883 gamus,
337 2804 385 2868 sed
394 2806 464 2887 quia
472 2803 610 2886 cujusque
618 2803 706 2883 partis
715 2800 1036 2884 naturae&·incorpo·

153 2904 155 2912 ’
203 2906 250 2959 re,
268 2884 458 2951 &inanimo
476 2886 527 2949 sua
534 2905 666 2968 quaeque
680 2885 723 2949 vis
742 2882 800 2948 fit:
820 2885 977 2949 idcircoin
991 2884 1037 2949 his

204 2970 295 3031 rebus
305 2972 437 3044 summa,
450 2969 549 3033 nostra
557 2968 663 3052 sponte
672 2985 857 3031 moveamur.
889 2966 993 3049 Atque
1002 2982 1037 3033 ut

201 3056 361 3131 acor‘pore
387 3052 497 3126 ordiar,
518 3048 648 3131 iidemu„
660 3062 718 3124 ut,
741 3046 760 3111 fi
781 3050 881 3133 quain
897 3051 1036 3117 membris

204 3153 312 3214 prava,
335 3146 389 3196 aut
403 3131 564 3207 debilitata,
583 3143 636 3199 aut
655 3132 818 3197 imminuto
841 3128 913 3209 suit,
932 3132 1038 3200 occul·

204 3212 443 3307 tent-homiues?
466 3229 503 3281 ut
516 3216 817 3358 etiamMcontendant,
831 3212 1046 3362 &elaboremfi
