2742 3909
378 360 382 368 .
474 294 644 391 Lim
686 292 730 389 Y.
979 303 1042 393 idq

212 402 312 478 altera
330 394 465 460 versetur
480 388 515 458 in
530 394 672 459 levissima
684 406 767 477 parte
783 409 916 475 naturae,
938 402 1044 485 obscu-

213 483 313 546 rantis
334 480 514 541 est'omnem
534 479 722 559 splendorem
747 478 918 557 honestatis,
947 503 985 546 ne
998 488 1044 549 di-

214 576 290 629 cam
307 562 501 643 inquinantls.
543 560 667 624 Restant
683 560 788 636 Stoici,
809 564 862 645 qui
874 582 945 627 curn
957 587 973 628 a
986 566 1044 633 Pe-

215 645 396 728 iipateticis,
419 644 449 706 δι
472 644 658 720 Academicis
684 646 787 719 omnia
820 646 1045 731 transtulissent,

214 725 595 806 nominlbus'aliiseasdem
613 747 657 790 res
676 726 861 805 secutisun't.
891 724 959 794 Hos
968 754 1045 801 corr-

193 834 198 839 ’
219 824 269 875 tra
282 808 415 889 singulos
434 808 492 871 dici
511 808 558 872 est'
577 810 693 900 melius.
719 810 766 887 sed
794 830 889 886 nunc,
912 817 1044 893 quoda.

214 896 331 974 gimus.
354 893 390 954 de
404 890 546 969 illis'cum
567 887 716 955 volemus.
738 895 740 901 '
759 887 930 977 Democriti
944 912 1054 967 autem.

217 978 374 1057 securitas,
394 973 470 1117 quae
486 976 528 1040 est
546 976 640 1038 animi
661 976 815 1057 tamquam
837 978 1045 1061 tranquillitas,

198 1066 314 1141 'quam
330 1076 405 1137 appe
419 1056 484 1118 lant
503 1053 649 1139 silvula,
690 1077 727 1121 eo
753 1057 907 1139 separanda
925 1056 982 1127 fuit
1009 1070 1047 1131 ab

217 1142 279 1205 hac
293 1140 504 1219 disputatione,
524 1140 654 1219 qu'taista
676 1141 994 1229 animi'tranqulllitas,
1010 1172 1046 1214 ea

221 1224 287 1304 ipsa
304 1224 347 1286 est
359 1224 442 1300 bearfa
454 1223 526 1283 vita.
561 1223 728 1301 quaerimus
745 1236 858 1298 autem,
891 1245 956 1287 non
972 1249 1047 1311 quae

220 1304 274 1381 stt,
297 1306 343 1368 sed
363 1304 442 1382 unde
456 1300 501 1365 fit.
543 1300 618 1387 Jam
630 1305 782 1383 explosae,
806 1306 968 1390 elestaeque
981 1313 1048 1377 sen-

220 1388 336 1452 tentiae
361 1384 540 1469 Pyrrhonis,
565 1384 725 1461 Aristonis,
760 1384 879 1465 Herilli,
904 1393 994 1472 'quod
1015 1397 1048 1461 in

199 1472 309 1534 ‘hunc
325 1470 442 1542 orbem,
483 1486 573 1549 quem
597 1468 887 1552 circumscripsimus,
920 1468 1048 1543 incidere

221 1572 293 1617 non
307 1548 441 1632 poliunt,
470 1550 647 1614 adhibendae
672 1554 803 1629 omnino
826 1558 891 1629 pon
914 1556 1046 1625 fuerunt.

221 1653 301 1698 nam
311 1654 382 1697 cum
395 1634 494 1696 omnis
507 1634 577 1695 lucc
590 1634 720 1715 quaestio
739 1636 774 1698 de
788 1633 908 1713 finibus,
931 1638 960 1700 δι’
973 1662 1048 1724 qua-

222 1716 247 1781 sr
262 1718 299 1781 de
312 1716 452 1797 extremis
465 1716 618 1778 bonorum
640 1718 670 1780 δι
696 1717 859 1795 malorum,
880 1722 915 1783 ab
928 1743 966 1785 eo
976 1744 1048 1806 pro·

220 1800 386 1884 ficiscatur,
414 1798 496 1878 quod
517 1799 641 1861 dicimus
662 1813 783 1886 naturae
796 1800 849 1865 effe
870 1817 989 1884 aptum,
1017 1812 1048 1875 &

219 1882 500 1955 accommodatum,
534 1883 673 1962 quodque
685 1878 782 1962 ip'sum
803 1886 895 1963 perse
916 1891 1052 1968 primum

222 1977 400 2047 appetatur:
420 1963 480 2025 hoc
495 1967 595 2025 totum
614 1963 644 2025 δι
662 1964 682 2026 li
695 1964 825 2041 tollunt,
854 1959 906 2048 th
920 1972 951 2032 in
965 1975 1049 2038 rebus

224 2052 276 2124 iis,
298 2049 331 2109 in
345 2047 446 2126 qulbus
457 2044 546 2120 nihil,
558 2045 648 2126 'quod
662 2065 727 2109 non
739 2058 790 2119 ant
803 2047 975 2126 honestum,
996 2071 1050 2121 aut

220 2142 314 2211 turpe
326 2127 374 2208 srt',
395 2140 509 2209 negant
525 2124 580 2191 esse
595 2127 690 2191 ullam
703 2128 832 2204 causam,
853 2148 906 2192 cur
918 2135 998 2197 aliud
1015 2160 1048 2201 a·
1124 2174 1127 2180 ·

220 2215 258 2280 lii
285 2224 495 2294 anteponatur,
517 2230 573 2273 nec
591 2212 668 2272 inter
692 2231 738 2287 eas
754 2230 799 2274 res
821 2212 982 2294 quidquam
1009 2242 1046 2283 o-

222 2292 337 2361 mnino
357 2302 465 2376 putant
478 2288 626 2356 interesse:
649 2292 678 2381 sp
705 2291 849 2369 Herillus,
883 2293 963 2361 stlta
982 2301 1047 2365 scn-

200 2378 278 2454 ·fir'‚
299 2374 442 2455 nihillelle
455 2378 583 2453 bonum,
602 2376 720 2457 'praeter
736 2378 902 2453 scientiam,
924 2399 1049 2447 omnem

223 2457 344 2526 consilii
365 2460 498 2541 capiendi
522 2460 652 2535 causam,
667 2461 933 2537 inventionemque
959 2464 1048 2531 officii

221 2541 378 2613 sustulit·'
409 2540 471 2617 Sic,
507 2538 630 2620 exclufis
667 2542 817 2605 sententiis
850 2545 1047 2625 reliquorum,

200 2629 204 2636 ’
221 2644 299 2705 cum
312 2620 458 2705 praeterea
480 2624 563 2687 nulla
575 2620 630 2687 elle
642 2620 748 2704 possit,
765 2626 836 2688 haec
855 2628 1049 2707 antiquorum

204 2703 509 2785 'valeatnecell'e‘em
546 2704 550 2721 ¹
823 2718 825 2723 '
885 2712 887 2722 ’

234 2787 238 2793 ’
268 2790 331 2853 ΙΧ.
366 2783 495 2851 E‘noo
528 2788 665 2876 instituto
697 2768 846 2873 veterum,
876 2810 938 2879 quo
955 2798 1049 2865 etiam

221 2874 322 2941 Stoici
341 2885 483 2958 utuntur,
514 2871 584 2935 hinc
611 2871 761 2951 capiamus
782 2873 950 2957 exordium.
995 2876 1047 2942 O-

221 2960 300 3022 r'nne
317 2956 427 3032 unimal
446 2958 479 3018 ‘le
492 2956 588 3034 ipsum
601 2954 711 3035 diligit,
742 2974 776 3017 ac
795 2953 880 3035 simul
894 2972 930 3021 ut
943 2972 1047 3027 ortum

221 3040 282 3115 est,
306 3036 335 3100 id
352 3039 425 3117 agit,
446 3052 482 3101 ut
495 3038 523 3101 se
540 3038 708 3111 conservet,
729 3038 811 3119 quod
824 3040 871 3103 hic
889 3043 915 3104 ei
934 3044 1047 3121 primus

220 3124 261 3188 ad
280 3140 406 3184 omnem
422 3122 519 3185 vitam
536 3121 678 3183 tuendam
691 3122 866 3201 appetitusa
882 3137 987 3188 natura
996 3125 1046 3190 da·

221 3214 288 3284 tur,
310 3205 339 3269 se
351 3217 386 3268 ut
399 3201 566 3281 conservet,
581 3204 718 3283 atqueita
736 3199 772 3269 stt
789 3202 942 3285 affcc‘lum,
963 3222 998 3271 ut
1012 3230 1048 3272 ο-

953 3294 1047 3373 ptime
