2742 3909
502 279 666 349 Lrnrrrr
709 284 754 363 ΙΙ.
1011 293 1049 373 6ς

204 378 268 455 las,
293 394 367 457 quae
382 376 455 441 nihil
470 378 549 443 aliud
583 395 718 459 agerent,
740 376 961 448 nullumsuum
988 380 1055 449 offi-

203 464 300 524 cium
334 463 493 537 ducerent,
529 461 582 525 nisi
608 476 642 524 ut
660 462 812 545 voluptati
839 466 1056 544 ministrarent,

171 588 176 597 ·
206 544 241 606 δι
270 564 340 607 eam
356 558 476 608 rantum
505 545 541 607 ad
558 562 661 607 aurem
679 547 888 623 admonerent,
910 548 922 631 (
940 545 962 612 fi
980 570 1050 615 mo-

205 630 252 691 do
268 628 297 688 id
312 626 427 707 pidiura
441 627 569 707 intelligi
586 625 720 710 pollen)
744 645 779 693 ut
791 645 921 706 caveret,
943 635 1053 717 nequid

209 707 378 791 perliceret
409 712 591 789 imprudens,
628 714 711 791 quod
736 712 899 777 offenderet
929 717 1048 780 animoa

212 792 398 865 hominum,
431 804 483 855 aut
497 793 668 877 quidquam,
690 816 708 857 e
729 814 791 877 quo
811 798 940 859 oriretur
951 798 1056 881 aliquia

168 897 171 902 ·
208 874 322 937 dolor,
363 874 435 936 Nos
449 876 570 955 quidem
593 878 732 951 uirtutes,
760 875 800 940 fic
823 892 912 941 natae
934 881 1050 957 sumus,

205 972 247 1020 ut
282 957 336 1019 tibi
373 957 577 1021 serviremus:
611 959 693 1023 aliud
719 962 835 1040 negotii
864 960 940 1027 nihil
961 964 1052 1029 habe·

207 1060 294 1105 mus.

1074 951 1080 988 l

253 1116 372 1183 XXII.
395 1122 425 1183 A
436 1140 459 1183 τ
471 1137 558 1203 negat
571 1118 740 1207 Epicurus(
752 1122 812 1189 hoc
822 1127 903 1191 enim
918 1126 1051 1194 vestrum

206 1204 321 1269 lumen
335 1202 402 1283 est)
425 1224 618 1289 quemquam,
638 1211 690 1289 qui
714 1208 837 1272 honeste
862 1228 927 1273 non
951 1212 1049 1289 vivat,

159 1334 170 1380 p
205 1287 346 1371 jucunde
359 1284 438 1367 polle
452 1289 561 1353 vivere.
583 1290 661 1371 quali
672 1308 728 1369 ego
743 1292 772 1354 id
780 1302 896 1368 curem;
916 1295 987 1374 quid
996 1294 1049 1357 ille

159 1387 178 1456 p
207 1370 287 1453 ajat,
323 1382 376 1433 aut
403 1384 502 1450 neget.
538 1371 613 1433 illud
629 1390 752 1453 quaero,
779 1373 852 1454 quid
878 1377 918 1451 ei,
938 1379 989 1454 qui
1014 1378 1050 1440 in

210 1452 378 1533 voluptate
391 1452 544 1517 summum
557 1455 673 1517 bouum
686 1466 794 1535 putat,
810 1459 1050 1535 consentaneum

209 1532 248 1599 sit
262 1537 369 1599 dicere.
414 1534 498 1616 Qud
514 1532 612 1612 affers,
625 1555 679 1600 cur
698 1536 848 1613 Thorius,
862 1536 1049 1617 Postumius,

210 1636 269 1681 cur
292 1617 401 1693 Chius,
422 1636 477 1681 cur
498 1620 641 1683 omuiu'm
659 1620 771 1683 horum
790 1620 939 1701 magister,
963 1620 1047 1687 Ora-

212 1715 259 1777 ta,
276 1720 341 1763 non
353 1697 561 1783 jucundillrme
575 1702 710 1768 vixerit?
733 1701 800 1784 lpse
815 1715 915 1784 negat,
938 1718 972 1767 ut
988 1720 1046 1768 an-

210 1796 243 1848 te
256 1783 335 1858 dixi,
357 1782 582 1849 luxuriosomm
591 1787 685 1849 vitam
693 1788 974 1867 reprehendendam,
996 1790 1046 1852 ni-

208 1864 233 1929 fi
247 1865 338 1947 plane
350 1864 423 1931 fatui
437 1862 507 1941 lint,
527 1868 618 1944 idest,
640 1867 694 1932 uisa
702 1883 755 1932 aut
767 1872 902 1949 cupiant,
913 1886 966 1934 aut
978 1890 1046 1935 me-

214 1961 318 2011 tuant.
339 1967 466 2030 quarum
484 1952 638 2013 amirarum
658 1970 759 2015 rerum
772 1970 844 2014 cum
866 1955 1046 2022 medicinam

212 2029 389 2112 pollicetur,
411 2031 548 2096 luxuriae
568 2032 723 2096 licentiam
743 2032 914 2112 pollicetur.
946 2035 990 2116 his
1012 2057 1046 2098 e-

161 2154 166 2167 ·
212 2113 384 2179 nimrebuu
400 2114 548 2191 detradlis,
579 2130 669 2195 negat
689 2118 719 2180 se
739 2115 865 2194 repetire
891 2116 924 2176 in
942 2117 1049 2182 as0t0-·

211 2214 285 2260 rum
306 2197 671 2279 vitaquodreprehendat.
716 2195 795 2259 Nou
810 2197 901 2276 igitur
923 2198 1046 2277 potestis

212 2280 374 2361 voluptate
400 2282 503 2345 omnia
524 2280 695 2360 dirigentes,
715 2292 768 2343 aut
783 2279 873 2354 tueri,
893 2294 946 2342 aut
970 2282 1043 2354 reti-

212 2367 455 2427 nerevirrutem.
477 2378 548 2427 narn
562 2383 618 2426 nec
633 2364 802 2437 virbonus,
826 2360 965 2507 aclqustus
989 2365 1043 2427 ha-

210 2445 274 2509 beri
296 2446 393 2521 debet,
413 2446 477 2527 qui,
489 2466 537 2509 -ne
555 2446 671 2509 malum
689 2446 805 2521 habeat,
825 2448 860 2508 ab
887 2445 949 2508 inet
963 2445 992 2507 se
1003 2449 1040 2515 ab

210 2528 332 2613 injuria.
355 2528 432 2592 nolli
451 2530 538 2591 credo
551 2529 648 2591 illud:

298 2610 390 2685 Nrnro
400 2608 465 2690 pius
478 2608 527 2695 est,
549 2608 598 2688 qui
605 2608 744 2691 pietatem
902 2626 906 2632 '

212 2692 302 2759 Cave
332 2694 495 2777 quidquam
516 2708 602 2775 putes
633 2690 691 2757 ell‘e
721 2695 828 2757 verius.
865 2712 922 2757 nec
941 2695 1041 2769 enim,

209 2776 289 2839 dum
311 2777 432 2850 metuit,
447 2774 543 2857 julius
561 2776 618 2840 est:
640 2775 670 2839 dr
687 2788 780 2851 certe,
801 2774 821 2838 li
846 2791 977 2841 metuere
989 2780 1044 2840 de·

215 2860 337 2935 stiterit,
360 2862 506 2923 nouerit.
541 2878 606 2923 nou
621 2859 731 2923 metuit
745 2872 859 2933 autem,
881 2858 940 2923 five
951 2861 1045 2923 celare

207 2942 337 3023 poterit,
351 2938 412 3004 sire
424 2944 531 3022 opibus
541 2944 667 3023 magnis,
689 2941 831 3022 quidquid
844 2939 957 3017 lecerit,
986 2944 1041 3005 ob·

208 3027 321 3099 tinere,
353 3036 490 3107 certeque
518 3026 608 3088 malet
624 3026 786 3098 existimari
808 3026 905 3085 bonus
921 3026 987 3099 ,vir,
1007 3036 1044 3087 ut

209 3126 276 3171 non
303 3104 351 3183 sat,
371 3124 462 3193 quam
477 3103 546 3183 ess'e,
569 3120 602 3170 ut
624 3125 690 3173 non
704 3119 836 3186 putetur.
880 3102 939 3181 lta,
960 3095 1045 3188 quud

206 3186 402 3259 cerullinum
420 3189 473 3275 eli,
488 3208 544 3271 pru
559 3202 791 3335 verasscertaque
805 3187 1046 3339 justitiss'qffi,
