2742 3909
467 340 635 411 Lim
677 334 740 405 ΠΙ.
1002 338 1044 418 ⁸9

199 437 246 523 psa
267 432 414 507 Graeciae
427 452 501 509 nota
519 436 597 509 sunt.
624 450 796 519 geometrae
815 452 903 516 veto,
924 432 1041 515 musci,
1142 486 1156 498 „

201 524 410 605 grammatici,
444 524 534 586 etiam
558 540 643 587 more
655 523 785 606 quodam
796 518 965 603 loquuntur
977 520 1044 587 suo.

163 626 164 629 ’
200 608 282 671 item
295 606 373 686 ipsae
386 606 541 673 rhetorum
554 618 641 679 artes,
662 622 738 685 quae
753 602 824 665 sunt
837 615 918 667 totae
935 603 1038 666 soren-

163 724 167 731 ·
203 688 266 764 ser,
295 704 384 771 atque
406 686 574 768 populares,
595 686 690 753 verbis
712 686 880 750 tantumin
900 684 1038 750 docendo

202 766 288 861 quasi
312 771 434 851 privatis
457 782 598 846 utuntur,
613 788 648 831 ac
665 768 732 835 suis.
789 788 793 797 ·

249 850 296 914 11.
322 853 385 920 An
399 868 454 942 Qu
467 868 500 927 u,
523 865 561 917 ut
585 853 727 920 omittam
747 847 799 913 has
821 860 898 916 artes
915 848 1035 932 elegan-

202 946 264 1010 tes,
276 932 307 997 δι
321 934 476 1015 ingenuas,
496 954 535 1003 ne
547 932 667 1021 opifices
678 932 799 1022 quidem
812 933 888 1001 tueri
901 930 951 994 sua
961 933 1035 996 arti·

205 1016 277 1089 ficia
287 1014 417 1097 pollent,
452 1014 506 1079 nifi
519 1017 670 1081 vocabulis
683 1027 839 1079 uterentur
851 1015 936 1078 nobis
947 1013 1036 1077 iuoo-

206 1099 316 1189 gnitis,
336 1096 447 1163 uhtatis
458 1096 518 1163 fibi.
547 1098 633 1181 Qun
649 1101 742 1163 etiam
753 1096 947 1177 agricultura,
961 1116 1038 1179 quae

205 1182 350 1245 abhorret
368 1184 403 1244 ab
417 1184 504 1246 omni
526 1181 667 1262 politiore
693 1179 852 1261 elegantia,
873 1192 975 1244 nmen
988 1194 1036 1243 ean

205 1282 271 1339 rea,
290 1264 324 1325 in
337 1266 439 1343 quibus
452 1265 595 1341 versatur,
618 1265 790 1327 nominibus
802 1263 920 1326 notavit
933 1262 1033 1326 novis.

205 1364 274 1429 quo
288 1348 381 1427 magis
402 1348 462 1410 iioc
475 1345 653 1429 philosopho
667 1344 836 1415 faciendum
853 1344 904 1408 est.
925 1363 971 1408 are
991 1344 1034 1410 est

206 1430 295 1501 enim
314 1428 499 1511 philosophia
516 1430 612 1491 vitae:
634 1428 670 1492 de
699 1446 758 1516 qua
776 1424 1034 1507 offuenaarripe-

206 1528 243 1581 re
265 1510 353 1577 verha
376 1512 412 1586 <le
430 1510 506 1593 foro,
521 1528 586 1581 non
612 1510 720 1591 potest.
774 1506 970 1600 Quamquam
991 1528 1033 1575 ex

209 1594 353 1657 omnibus
379 1594 562 1675 philosophis
575 1590 667 1666 Stoici
681 1590 812 1673 plurima
832 1604 1034 1662 notaverunt.

208 1674 305 1747 Zeno
317 1694 436 1764 quoque
449 1696 556 1749 eorum
578 1677 729 1757 princeps,
764 1694 831 1739 nou
849 1686 913 1740 tarn
932 1692 1035 1739 rerum

165 1808 171 1817 .
209 1758 893 1844 inventorfuit,quamnovorumverborum.
937 1756 1033 1840 Qiod

210 1836 234 1903 fl
252 1841 286 1904 in
303 1860 337 1905 ea
349 1838 434 1921 lingo
454 1885 464 1917 ,
484 1858 574 1929 quam
588 1842 717 1929 plerique
730 1841 896 1905 uberiorem
908 1854 1033 1921 putant,

207 1918 414 1996 conceffuma
464 1924 618 2002 raeciaeti,
638 1937 674 1987 ut
684 1919 842 1987 dooissimi
854 1922 1035 1989 homiomde

173 2033 177 2049 ·
209 2007 297 2075 rebus
310 2024 375 2076 non
396 2008 572 2087 pervagatis,
587 2004 731 2071 inuitans
753 2005 849 2067 verbis
859 2016 1035 2069 uterentur:

213 2101 331 2178 quanto
348 2089 377 2152 id
403 2091 488 2154 nobis
507 2088 600 2166 magis
611 2088 652 2162 est
671 2086 913 2163 concedendum,
933 2088 983 2167 qui
999 2108 1035 2153 m

211 2188 299 2243 nunc
318 2171 451 2259 primum
474 2171 613 2245 audemus
649 2166 820 2248 attingere?
855 2166 933 2246 Etsi,
951 2171 1035 2253 quod

212 2253 297 2333 saepe
310 2252 464 2330 diximus,
492 2253 661 2335 &quidem
681 2270 753 2316 cum
787 2249 885 2334 aliqua
917 2252 1037 2335 querela

165 2406 166 2411 ἵ
210 2354 280 2405 non
295 2332 485 2409 Graecorum
498 2337 606 2410 modo,
636 2334 787 2400 sedetiam
803 2351 923 2411 eorum,
943 2336 1037 2415 quise

216 2414 353 2481 Graecos
370 2420 475 2496 magis,
487 2438 577 2501 quam
590 2418 708 2482 nostroe
725 2416 821 2480 habeti
834 2416 957 2493 volunt,
978 2436 1037 2482 nos

215 2519 284 2563 non
297 2500 390 2565 modo
404 2520 470 2565 non
483 2502 564 2579 vinci
582 2522 599 2564 a
614 2498 739 2565 Graecia
757 2500 921 2571 uerborum
934 2500 1036 2580 copia,

210 2583 261 2646 sed
281 2578 335 2647 effe
352 2584 385 2647 in
398 2604 432 2659 ea
449 2582 538 2647 etiam
559 2582 591 2646 su
631 2586 735 2653 riores:
757 2580 967 2646 elaborandum
980 2580 1037 2659 est,

214 2663 324 2729 uthoc
339 2668 450 2737 nonin
468 2667 574 2729 nostris
599 2666 684 2729 olum
698 2664 819 2739 artibus,
841 2664 888 2731 sod
899 2668 991 2730 etiam
1002 2670 1036 2733 in

213 2746 338 2813 illorum
360 2746 492 2827 ipsorum
508 2748 737 2830 consequamur,
759 2765 851 2836 quam
872 2768 907 2811 m
933 2750 1036 2827 verba,

213 2830 320 2913 quibus
340 2849 378 2895 ex
392 2831 529 2895 instituto
542 2843 686 2897 veterum·
699 2831 814 2894 utimur
832 2847 889 2910 pro
902 2829 1036 2908 Latinis,

213 2926 252 2975 ut
283 2912 341 2993 ipsa
373 2912 571 2995 philosophia,
618 2928 654 2978 ut
679 2912 840 2988 rhetorioa,
872 2912 1037 2989 dialefflca,

212 2996 418 3075 grammatica,
433 2996 607 3076 geometria,
622 2993 741 3061 musica.
755 3008 937 3078 quamquam
951 2994 1038 3060 Lati-

214 3076 255 3151 'ne
268 3098 300 3141 ea
313 3078 370 3141 dici
397 3093 548 3158 poteraut,
578 3090 697 3153 tamen,
717 3077 861 3163 quoniam
878 3076 932 3141 usu
954 3098 1038 3159 prae·

214 3173 302 3239 cepta
329 3162 411 3235 sunt,
443 3162 542 3225 nostra
562 3161 714 3227 ducamus.
756 3156 859 3238 Atque
880 3160 954 3224 haec
969 3165 1040 3245 qui-

214 3243 284 3317 tltm
303 3242 339 3313 do
355 3262 454 3315 rerum
469 3246 652 3314 nominibus.
694 3242 747 3313 De
763 3239 829 3330 ipfia
840 3242 926 3306 rebus
937 3258 1039 3310 autern

830 3322 1040 3409 saepenumero
