2742 3909
582 302 821 371 tinent.
932 333 940 346 ·
1069 327 1104 382 η

224 417 231 426 ’·
277 401 357 472 intus
374 410 467 473 etiam
481 408 513 470 in
523 409 629 473 animis
643 406 771 470 inclusae
786 409 864 469 inter
877 406 905 469 se
918 404 1050 473 diffident
1060 397 1106 474 at}

224 519 239 562 ,.·,
281 505 336 568 que
351 493 533 555 discordant.
567 512 607 554 ex
625 508 686 569 quo
713 492 808 552 vitam
825 487 1030 555 amariffimam
1050 512 1105 555 ne·

224 607 238 656 3·
278 571 404 646 uffeest
428 572 522 637 ellici:
551 587 586 638 ut
603 575 715 652 sapiens
738 572 850 647 solum,
880 587 1033 653 amputata
1046 576 1104 637 cir·

279 658 468 738 tumcisaque·
487 658 630 720 inanitate
650 655 780 719 omni&
796 674 906 727 errore,
934 656 1103 724 naturaefie

286 739 361 802 nibus
380 752 559 818 contentus,
583 735 646 806 fine
666 738 850 823 aegritudine
872 733 960 821 poffit
986 738 1015 820 dt
1042 736 1104 804 sinc

259 835 358 909 ‘metu
389 824 501 885 vivere.
547 819 648 904 'Quae
670 834 711 884 eit
733 822 815 884 enim
837 834 888 883 aut
912 821 1027 898 utilior,
1050 838 1103 888 aut

285 906 400 969 tdbene
415 905 579 978 vivendum
592 906 690 984 aptior
711 905 832 984 partitio
852 922 942 984 quam
963 904 1025 977 itta,
1044 924 1104 987 qup

285 986 318 1049 est
343 988 414 1050 usus
436 985 609 1067 Epiaurus?
627 988 684 1068 qui
704 1006 802 1050 unum
826 1003 924 1066 ,genus
958 987 1036 1067 ospit
1051 1009 1103 1062 pa·

281 1085 344 1133 nim
355 1070 567 1150 cupiditatum,
589 1057 813 1151 quaeelient&
825 1005 974 1150 naturalds
998 1068 1026 1132 δι
1048 1088 1103 1137 noe

280 1150 427 1226 peli'ariae:
447 1152 587 1227 alterurn,
608 1171 683 1233 quae
697 1150 842 1214 naturales
861 1148 966 1227 client,
984 1172 1043 1218 nec
1057 1157 1103 1216 ta'·

250 1252 348 1318 ⁸men
377 1230 570 1314 nepellariae3
603 1236 738 1311 tertium,
770 1253 841 1314 quae
864 1254 919 1299 nec
941 1234 1102 1319 naturales,

282 1336 333 1381 nec
355 1312 535 1391 necefl'ariae.
576 1334 703 1394 quarum
726 1338 758 1380 ea
776 1314 857 1379 'ratio
875 1317 929 1392 est,
950 1332 985 1380 ut
1000 1321 1102 1388 neces.-

262 1399 362 1468 ¹latiae
378 1419 436 1466 noc
457 1418 548 1481 opera
568 1399 664 1478 multa
681 1419 737 1470 nec
760 1400 891 1478 impensa
909 1401 1101 1480 expleantur..

280 1480 329 1547 Ne
338 1482 485 1545 naturales
492 1482 616 1563 ,quidem
636 1482 734 1562 multa
755 1475 928 1566 desiderant,
948 1487 1105 1563 propterea

273 1567 356 1646 quod
382 1565 444 1645 ipsa
470 1578 577 1630 natura
598 1566 725 1641 divitias,
760 1564 865 1649 quipus
888 1576 1033 1629 contenta
1053 1561 1102 1642 fit,

277 1649 307 1711 dt
330 1648 483 1733 parabiles,
498 1647 527 1709 δι
540 1648 712 1728 terminatas
726 1648 820 1712 halet.
850 1647 987 1712 inanium
999 1660 1103 1713 autem

274 1730 477 1810 cupiditatum
503 1749 560 1805 nec
577 1731 684 1794 modus
706 1730 785 1795 ullus
808 1750 863 1795 nec
885 1729 953 1795 linit
973 1731 1102 1805 inveniti

273 1812 384 1895 potest.
1085 1869 1089 1876 .

273 1908 279 1923 ·
317 1891 414 1957 XIV.
436 1891 570 1976 Quom
605 1892 626 1957 fi
656 1898 753 1974 vitam
789 1915 914 1961 omnem
940 1897 1103 2041 ρεέωὼῇςί

276 1979 412 2042 ridemus
430 1995 529 2041 errore
542 1978 573 2041 tc
586 1979 757 2044 inscientia:
788 1979 1018 2061 sapientiamque
1045 2002 1061 2043 e
1084 2001 1101 2067 e

277 2061 386 2135 solam,
420 2078 495 2140 quae
514 2080 570 2124 nos
597 2083 614 2124 a
636 2061 793 2125 libidinum
811 2061 970 2149 impetu&
994 2061 1102 2142 formi-

273 2141 383 2215 dinum
405 2156 518 2207 terrore
536 2145 678 2219 vindicet,
701 2143 731 2206 δι
752 2141 839 2224 ipsius
850 2143 988 2232 fortunae
1000 2144 1101 2216 modi·

271 2246 311 2300 te
332 2226 408 2291 ferre
420 2226 524 2290 doceat
542 2225 675 2310 injurias,
699 2227 849 2312 &omnes
866 2230 1012 2304 monstret
1024 2228 1101 2307 vias,

271 2328 351 2391 quae
363 2308 400 2371 ad
426 2308 557 2388 quietem
576 2310 607 2373 δι
626 2309 871 2393 tranquillitatem
887 2307 996 2388 fetant,
1031 2311 1101 2389 quid

276 2391 333 2466 est,
357 2407 412 2455 cur
425 2391 592 2455 dubitemus
608 2394 716 2475 dicere,
737 2389 958 2537 &sfflffllsam
977 2388 1102 2476 propter

273 2474 467 2555 voluptatem
481 2494 519 2561 ex
557 2476 691 2552 tendam,
713 2476 743 2556 dp
770 2477 801 2538 in
813 2479 966 2557 ipi'entiain
979 2485 1103 2557 propter

278 2556 427 2621 molestias
444 2552 500 2619 elle
524 2556 703 2639 ugiendarp?
739 2556 910 2639 Eademque
923 2561 1038 2625 tatione
1061 2578 1101 2640 ne

275 2638 506 2720 temperantiam
550 2641 671 2722 quidem
705 2653 826 2721 propter
847 2641 875 2702 se
900 2641 1100 2722 expetendam

275 2718 332 2786 efl'e
351 2722 496 2796 ditemus,
526 2721 573 2787 sed
590 2724 659 2805 quia
681 2742 786 2802 pacem
805 2724 911 2787 animis
923 2722 1036 2797 afferat,
1068 2723 1100 2804 'dp

274 2825 328 2867 eos
350 2799 432 2885 quast
457 2807 619 2870 concordia
649 2806 776 2887 quadam
810 2804 905 2885 placet
932 2828 968 2870 ac
997 2807 1100 2892 lepiat.

245 2957 248 2964 Ι
277 2885 499 2966 Temperantia
516 2887 557 2951 est
581 2889 676 2963 enim,
698 2908 773 2969 quae
793 2887 825 2950 in
843 2890 931 2956 ,rebus
943 2901 996 2951 aut
1009 2904 1101 2967 expe.-

271 2970 383 3044 tendis‚
400 2981 454 3032 aut
466 2968 624 3049 fugiendis,
643 2970 792 3049 rationein
805 2983 840 3033 ut
857 2972 1013 3051 sequamur
1032 2988 1102 3034 mo-

273 3064 345 3117 net:
367 3071 424 3115 net
436 3055 519 3121 enim
531 3052 598 3121 satis
612 3053 653 3118 est
667 3052 811 3135 judicare,
830 3054 902 3133 quid
917 3051 1099 3130 faciendum,

274 3153 341 3197 non
356 3133 564 3198 faciendumve
586 3132 640 3198 sit:
674 3135 722 3199 sed
736 3134 809 3201 stare
822 3136 914 3198 etiam
933 3147 1053 3218 oportet
1066 3137 1100 3198 in

268 3237 322 3300 ρο,
342 3217 427 3302 quod
449 3213 485 3288 fit
505 3216 685 3305 judicatum=
726 3217 858 3304 plerique
878 3232 993 3299 autem,
1020 3218 1103 3308 quod

318 3313 321 3318 '
640 3298 710 3383 133
827 3298 834 3311 “
1008 3311 1120 3369 tenete
