2742 3909
364 363 404 432 34
501 338 817 405 DeF1N.Bou.
851 337 1061 406 erMar.
1131 337 1171 430 ,ἶ

376 445 527 526 iosophiae
540 442 607 525 jure
623 441 680 504 dici
698 441 807 524 potest,
836 443 995 526 quidquam
1019 443 1076 507 tale
1102 442 1165 507 secit

376 545 484 590 eorum
501 540 563 590 erat
571 525 627 597 iste
641 528 721 600 mos',
742 527 790 610 oui
811 537 878 588 tum
899 525 1040 606 sophistae
1061 529 1158 590 nomin

379 611 487 672 bantur
501 631 509 671 ε
571 627 660 671 orum
673 626 691 670 e
705 607 831 670 n'umero
853 608 965 688 primus
979 607 1020 670 est
1039 609 1123 672 ausus
1136 607 1158 671 L

376 691 501 756 ontinus
561 691 656 769 orgiaa
680 691 713 751 in
737 701 891 753 conventu
915 691 1032 770 poscere
1055 691 1180 773 quaestio·

376 794 461 849 nem,
484 775 514 838 id
527 771 580 850 est}
597 774 698 855 jubere
721 773 827 846 dicere,
857 773 970 852 'quade
983 791 1014 835 re
1027 777 1092 851 quis
1110 773 1180 836 vellus

376 857 485 921 andire.
530 855 642 918 Audax
663 857 845 934 negotium,
877 855 1003 918 dicerem
1030 858 1182 936 impudens,

376 938 432 1002 nisr
445 939 504 1002 hoc
516 938 688 1002 institutum
700 938 799 1018 postea
814 934 988 1000 transsatum
1008 939 1044 999 ad
1068 940 1160 1019 philos
1172 972 1180 984 ·

376 1025 452 1105 phos
470 1020 588 1086 nostroe
599 1016 679 1083 ess'et.
723 1017 819 1086 Sed&
833 1020 933 1098 iilum,
954 1039 1044 1102 (mern
1058 1024 1180 1086 nomina·

377 1109 422 1182 vi,
445 1105 475 1168 bt
492 1116 606 1168 ceteros
619 1100 770 1182 sophistas,
791 1114 826 1163 ut
843 1101 1182 1185 ePlatoneinteliigipo

377 1189 445 1265 t'est,
466 1187 545 1251 lusos
558 1181 855 1247 videmusabocrate.
878 1187 902 1247 is
911 1187 992 1250 enirn
1000 1180 1182 1264 pereundan·

375 1272 431 1346 do,
445 1281 534 1350 atque
555 1266 767 1344 interrogando
779 1267 881 1330 elicere
895 1267 1003 1332 solebat
1017 1288 1126 1334 eorum
1135 1268 1185 1349 opi·

377 1354 498 1426 nionet,
516 1350 693 1426 quibuscum·
714 1346 874 1425 differebat,
897 1363 930 1414 ut
952 1351 988 1412 ad
1008 1371 1053 1425 ea,
1086 1373 1156 1435 quae
1172 1351 1184 1412 ii

379 1429 605 1515 respondissent,
627 1429 729 1515 siquid
746 1434 910 1508 ¹videretur,
929 1433 1053 1496 diceret,
1071 1437 1125 1518 qui
1137 1451 1185 1496 rnot

378 1537 452 1582 eum
470 1517 707 1598 aposterioribus
727 1531 790 1579 non
805 1513 872 1580 ess'et
893 1527 1036 1589 retentus,
1058 1515 1185 1581 Arcesilas

270 1673 276 1687 ⁶
379 1621 451 1664 eum
469 1599 640 1663 revocavit:
662 1597 859 1675 instituitque,
890 1611 925 1659 ut
939 1599 971 1673 ii,
992 1599 1088 1674 quise
1105 1599 1185 1674 audire

379 1684 509 1755 vellent,
532 1681 648 1742 nonde
670 1680 699 1741 se
719 1691 904 1754 quaererent,
926 1683 972 1744 sed
986 1678 1044 1758 ipsr
1056 1683 1186 1753 dicerent,

379 1765 450 1842 quid
471 1764 621 1824 sentirent.
652 1761 817 1841 quodcum
836 1758 987 1838 dixissent,
1008 1759 1059 1827 ilie
1086 1779 1190 1843 contn,

379 1847 428 1909 sed
452 1845 505 1925 qui
528 1843 695 1921 audiebant,
717 1845 814 1923 quoad
836 1857 988 1924 poterant,
1009 1846 1189 1911 defendebant

380 1926 558 2011 sententiam
572 1925 664 1989 suam.
717 1927 809 2007 Apud
828 1941 940 1992 ceteros
953 1941 1053 1991 autern
1067 1931 1169 2008 philos
1183 1957 1189 1974 ·

370 2085 373 2092 A
378 2012 467 2093 phos,
477 2011 527 2090 qui
540 2006 677 2088 quaesivit
686 2003 807 2090 ailquid,
821 2013 998 2095 tacerfquod
1007 2012 1132 2093 quidem
1141 2014 1192 2096 jan'

380 2093 417 2159 fit
444 2096 538 2158 etiarn
551 2095 583 2156 in
604 2092 788 2176 Academia·
819 2092 879 2156 Ubi
893 2097 973 2158 enim
987 2096 1023 2167 is,
1044 2096 1191 2174 quiaudire

379 2178 462 2254 vuit,
476 2177 846 2256 itadixit,voluptasmihi
856 2171 1033 2237 videturesse
1046 2177 1192 2242 summum

379 2262 517 2322 bonum:
538 2259 828 2338 perpetuaoratione
845 2255 1127 2342 contradisputautur
1145 2285 1152 2324 :
1171 2271 1193 2322 ut

381 2341 467 2405 facile
480 2335 608 2418 inteliigi
622 2337 721 2418 possut,
751 2348 818 2410 uos,
840 2337 889 2412 aui
912 2335 1022 2416 aliquid
1038 2331 1089 2399 fibi
1113 2341 1193 2406 videi

381 2425 495 2499 dicant,
525 2441 590 2502 non,
604 2421 680 2501 ipsos
693 2422 770 2481 inea
783 2415 927 2480 sententia
941 2414 1015 2494 esse,
1030 2417 1077 2481 sed
1099 2429 1197 2490 audin

379 2506 457 2571 velle
482 2502 640 2568 contraria.
682 2499 758 2562 Noe
778 2501 965 2564 commodius
985 2500 1113 2581 agimus.
1133 2520 1195 2571 ‘non

378 2591 462 2653 enirn
475 2587 573 2651 solum
592 2577 769 2660 Torquatus
787 2581 876 2657 dixit,
896 2584 965 2662 quid
979 2584 1113 2663 sentiret,
1158 2587 1196 2653 sed

377 2671 470 2732 etiam
496 2688 572 2752 cur,
589 2685 645 2746 ego
666 2675 769 2727 autem
787 2665 924 2742 arintror,
956 2687 1140 2750 quamquam
1155 2673 1200 2735 ad·-

377 2754 506 2813 modum
519 2748 680 2812 delestatus
690 2746 758 2809 sum
770 2747 832 2832 ejus
840 2751 977 2813 oratione
990 2764 1146 2831 perpetua,
1159 2768 1198 2817 ta·

379 2852 451 2896 meu
465 2832 758 2904 commodius,·curn
771 2832 801 2894 in
815 2833 899 2895 rebus
911 2825 1031 2914 fingul‘is
1047 2832 1196 2900 infistas&

379 2914 540 2994 intelligas,
571 2913 640 2994 quid
652 2913 953 3007 quisquemoncodat,
987 2916 1057 2998 quid
1076 2917 1195 2992 abnuat,

379 3016 419 3067 ex
435 2999 522 3063 rebus
539 2993 679 3061 conceffis
691 2995 832 3076 concludi
844 2997 914 3079 quid
936 2998 1022 3074 velis,
1043 2997 1134 3062 &ad
1147 3019 1198 3066 ex·

379 3085 459 3146 itum
470 3077 626 3164 perveniri.
670 3077 756 3142 Curn
767 3080 851 3164 enim
862 3067 968 3158 fertur,
980 3079 1059 3163 quasi
1073 3092 1201 3154 torrens,

378 3168 490 3241 cratin,
511 3165 644 3244 quamvis
666 3162 762 3229 multa
784 3163 1005 3247 orjusquemodi
1017 3163 1132 3243 rapiat:
1155 3167 1198 3229 ni·

378 3247 537 3314 hilatamen
550 3261 661 3325 teneas,
674 3243 748 3311 nihil
766 3247 977 3330 apprehendas,
1006 3246 1153 3341 nusquam
1167 3267 1198 3310 ο-

433 3373 439 3378 -
775 3351 777 3358 ·
1056 3339 1200 3394 tutionem
