2742 3909
355 374 416 421 tro
517 334 1055 429 DnFrn.Borr.rrrMAn.

348 460 430 527 utin
443 453 618 531 valitudine,
639 465 675 517 ut
687 452 720 514 in
738 445 907 526 integritate
920 447 1081 524 sensuum,
1106 449 1180 515 utin

346 540 460 610 'doloris
473 537 634 613 vacuitate,
654 547 691 597 ut
717 531 843 612 gloriae,
863 528 1050 605 divitiarum,
1078 527 1181 597 srmili

347 646 403 691 um
412 640 515 710 rerum
528 640 536 682 :
558 616 615 683 alia
628 628 729 683 autem
742 607 871 676 noneffe
883 610 1050 694 ejusmodi:
1081 610 1180 679 Item

345 728 406 795 que
418 722 537 778 eorum,
557 721 632 784 quae
648 696 734 763 nulla
746 694 948 760 aestimatione
961 691 1055 775 digna
1069 692 1179 774 efl'ent,

345 792 457 877 partim
470 786 536 855 satis
549 785 651 849 habere
662 775 778 861 causae,
799 778 993 857 quamobrem
1014 793 1030 838 r
1047 774 1178 843 'icareo-

345 886 410 952 tur,
430 884 466 935 ut
476 866 626 942 dolorem,
640 862 796 936 morbum,
818 858 986 924 sensuuma
1022 859 1030 872 '
1066 880 1176 939 onem,

341 956 562 1043 paupertatem,
584 944 797 1029 ignominiam,
817 937 922 1005 finilia
939 940 1072 1013 horum:
1107 963 1177 1025 par.

276 1117 279 1122 ,
307 1088 309 1095 >
342 1044 403 1108 tim
430 1054 505 1103 non.
557 1028 694 1107 Itemque
722 1026 794 1092 hinc
819 1016 875 1089 effe
907 1021 983 1087 illud
1008 1039 1176 1102 exortum,

338 1120 423 1209 quod
441 1118 531 1181 Zeno
543 1110 735 1203 aiamim,
754 1119 917 1185 contraque
928 1106 1011 1188 quod
1034 1114 1175 1191 aum.-

341 1199 466 1290 appiae
487 1199 671 1270 nominant,
691 1210 765 1255 cum
772 1202 907 1255 uteretur
919 1188 952 1251 in
966 1186 1073 1268 lingua
1086 1193 1175 1269 copi·

336 1292 392 1351 ora
410 1283 494 1349 factis
506 1294 608 1343 tamen
620 1274 808 1349 nominituo,
825 1292 860 1336 ac
872 1270 983 1337 novis:
1012 1271 1100 1353 quod
1112 1287 1173 1335 no·

340 1368 385 1437 bie
404 1367 437 1433 in
454 1364 510 1433 hac
530 1358 615 1441 inopi
638 1358 742 1438 lingua
755 1374 822 1419 non
848 1353 1037 1418 conceditur.
1057 1371 1172 1436 quam·

226 1460 229 1467 '
350 1450 434 1517 'uam
464 1460 499 1513 tu
520 1442 599 1507 hanc
627 1436 826 1521 copioliorem
844 1437 935 1501 etiam
957 1436 1056 1499 dicere
1082 1434 1171 1499 soler.

334 1470 388 1601 ped
408 1550 473 1599 non
486 1527 619 1595 alienum
631 1524 685 1599 est,
706 1538 769 1605 quo
781 1518 896 1583 facilius
907 1518 954 1582 vis
974 1518 1057 1581 verbi
1075 1516 1170 1583 intel·

250 1640 260 1664 '¹
335 1616 461 1699 ligetur,
494 1611 644 1692 rationem
666 1603 761 1691 hujus·
771 1602 853 1669 verbi
895 1599 1022 1665 faciendi
1056 1595 1169 1664 Zeno·

238 1732 244 1741 ·
334 1700 384 1779 nis
404 1714 444 1763 ex
466 1700 568 1757 onere.

376 1712 473 1853 xvi.
495 1770 528 1834 U
540 1770 675 1846 renim,
694 1768 806 1852 inquit,
827 1783 919 1830 nemo
932 1763 1017 1840 dicit,
1038 1762 1072 1828 in
1085 1764 1165 1846 regia

330 1864 434 1943 regem
447 1854 544 1938 ipsum
561 1850 638 1933 quast
663 1846 848 1931 produstum
859 1844 915 1914 eise
927 1848 963 1912 ad
984 1846 1165 1929 dignitatem

330 1940 485 2099 gidenim
503 1930 765 2037 est'oeptnpprirt-v)
787 1932 835 1996 sed
847 1949 911 2026 ωε)
932 1930 982 2011 qui
1005 1928 1039 1994 in
1061 1929 1164 2026 aquuo
1207 1951 1208 2016 ἐ

357 2044 453 2093 onore
475 2019 546 2099 sint,
566 2036 696 2099 quorum
717 2016 793 2079 ordo
815 2031 955 2095 proxime
979 2012 1110 2090 accedit,
1128 2024 1163 2077 ut

333 2098 479 2181 secundus
491 2103 528 2171 fit
547 2103 584 2167 ad
595 2100 713 2181 regium
737 2096 961 2180 principatum:
993 2090 1035 2158 fic
1047 2094 1081 2158 in
1101 2093 1163 2158 vita

332 2212 401 2261 non
413 2212 460 2268 ea,
480 2196 555 2272 quae
577 2181 719 2264 primario
744 2180 816 2244 loco
842 2182 926 2255 sunt,
946 2176 998 2241 sed
1019 2196 1068 2253 ea,
1090 2194 1163 2256 qun

331 2275 498 2359 secundum
522 2270 629 2334 locum
647 2264 800 2340 obtinent,
836 2254 1019 2344 προηγμένα,
1051 2258 1083 2321 id
1106 2256 1160 2334 est,

330 2344 490 2445 prodofia,
511 2349 720 2416 nominentur.
760 2360 815 2408 uae
837 2340 886 2405 vel
912 2354 955 2403 tta
975 2336 1161 2423 appellemur

329 2442 385 2527 (id
404 2439 461 2509 erit
469 2436 595 2501 verbum
613 2452 631 2495 e
647 2364 764 2511 veroni
776 2425 833 2490 'vel
845 2428 999 2504 promota,
1012 2422 1045 2486 δι
1058 2442 1160 2489 remo·

240 2584 246 2596 .
328 2528 377 2605 aa,
395 2520 458 2597 vel,
478 2530 514 2583 ut
527 2514 641 2579 dudum
649 2512 793 2584 diximus,
814 2502 990 2589 praepofiu,
1009 2505 1061 2569 vei
1075 2524 1159 2587 prae·

327 2610 430 2691 cipua‚
445 2602 476 2668 δι
489 2601 540 2664 illa
552 2591 668 2683 rejecta.
688 2612 721 2658 re
733 2592 816 2656 enim
824 2586 988 2663 intellecta,
1002 2588 1036 2651 in
1049 2591 1160 2653 verbo·

329 2694 401 2768 rum
418 2686 474 2751 usu
488 2681 584 2747 faciles
596 2674 653 2743 esse
678 2676 826 2739 debemus.
879 2668 1042 2751 Quoniam
1054 2685 1159 2736 autern

328 2792 437 2853 omne,
455 2766 537 2850 quod
560 2760 601 2826 est
613 2764 746 2834 bonum,
776 2755 910 2837 primurn
935 2750 1043 2817 locum
1057 2766 1159 2819 tenere

328 2852 468 2927 dicimus,
490 2841 601 2912 necess'e
613 2843 667 2919 est,
688 2858 745 2906 nec
758 2841 876 2902 bonum
887 2830 955 2911 effe,
971 2853 1030 2901 nee
1039 2836 1157 2899 malum

327 2943 402 3017 hoc,
421 2931 503 3019 qnod
511 2918 725 3010 praepositum,
744 2920 792 2985 vel
805 2920 999 3001 praecipuum
1013 2920 1159 2982 nomina·

327 3019 409 3097 mus.
430 3023 440 3084 i
491 3032 529 3078 ue
554 3012 583 3075 id
605 3005 775 3080 definimus,
810 3002 893 3084 quod
916 2997 953 3063 fit
970 2998 1159 3076 indifferens,

325 3122 400 3171 cum
435 3122 452 3167 a
494 3092 639 3159 imatione
682 3084 835 3151 mediocri.
882 3082 962 3161 qrrod
993 3084 1081 3147 enirn
1116 3080 1160 3146 illi

325 3182 477 3267 iii-'ppo
500 3180 619 3250 dicunt,
652 3170 682 3236 id
713 3168 788 3234 mihi
808 3168 850 3231 ita
871 3165 1019 3241 occurrit,
1048 3178 1087 3230 ut
1109 3166 1158 3229 in·

1206 2957 1208 3094 i

325 3264 463 3331 differens
478 3262 735 3360 diceremrneque
753 3248 836 3322 enirn
850 3246 923 3316 illud
947 3244 1013 3315 fieri
1037 3256 1159 3333 potent
1207 3281 1208 3294 κ

1013 3326 1159 3395 -uuo

1205 3595 1208 3680 i
