2742 3909
508 377 676 449 Ltuen
719 374 763 454 ΙΙ.
1008 401 1045 464 43

225 481 302 547 sieut
324 483 395 545 satit
416 499 459 553 re,
481 499 577 560 neque
601 493 703 554 tamen
726 481 830 550 dividit
850 482 953 554 uerbis.
975 501 1047 552 cum

194 579 197 583 ’
222 569 309 653 enim
330 585 396 629 earn
415 561 508 642 ipsam
528 560 729 640 voluptatem,
757 581 848 645 quant
865 566 970 626 eodem
989 561 1046 627 no·¹

224 653 310 712 mine
331 666 439 709 omnes
456 643 648 724 appellamus,
683 644 782 707 laudat
802 645 875 721 locis
899 648 1046 725 plurimu,
1144 699 1151 708 .

224 732 314 793 audet
335 732 442 802 dicere,
464 747 502 788 ne
528 727 666 804 suspicari
688 728 809 807 quidem
823 728 850 788 se
871 729 969 794 ullum
992 734 1047 792 bo·

226 833 305 880 num
318 810 485 893 sejunslum
497 808 594 870 abillo
604 808 773 888 Aristippeo
786 827 890 887 genere
904 811 1046 891 volupta-

219 899 285 957 tis:
306 909 394 976 atque
405 893 444 954 ibi
459 892 517 953 hoc
530 892 614 965 dicit,
635 892 685 952 ubi
706 894 805 953 omnis
818 891 880 972 ejus
896 893 938 955 esl
949 898 1046 968 oratio
1112 922 1114 926 ·

223 980 262 1046 de
277 977 395 1038 summo
407 977 501 1042 bono,
542 969 582 1039 In
597 973 657 1035 alio
667 992 741 1036 vero
753 975 842 1048 libre,
866 977 968 1056 inquo
981 980 1045 1040 bre·

223 1061 304 1126 viter
320 1054 536 1138 comprehensis
549 1054 720 1134 gravissimis
734 1057 898 1126 sententiis,
918 1058 997 1138 quast
1010 1080 1046 1122 0-

216 1143 323 1206 racula
330 1133 444 1203 edidisse
456 1139 747 1218 sapientiae.dicitur,
768 1139 866 1201 scribit
875 1141 918 1201 his
930 1143 1023 1203 verbis
1037 1161 1045 1202 :

222 1215 298 1306 {tuae
311 1237 384 1286 nota
397 1224 449 1296 tibi
464 1221 614 1301 prosesl0,
639 1219 813 1317 Torquate,
834 1223 915 1285 sunt.
934 1225 1000 1303 quis
1015 1245 1048 1286 e-

222 1309 291 1370 ninr
305 1304 436 1368 vestium
460 1323 526 1382 non
541 1302 660 1366 edidicit
684 1302 806 1384 Epicuri
825 1301 923 1386 mpla,
940 1299 1046 1385 difies,

225 1392 257 1471 id
270 1391 325 1464 est,
349 1387 427 1468 quasi
442 1387 574 1449 maxime
588 1385 681 1454 ratas?
704 1389 771 1466 quia
793 1385 975 1466 gravissimae
989 1399 1048 1452 nnt

220 1473 261 1548 ad
278 1472 365 1534 beate‘
377 1470 542 1551 vivendum
554 1470 681 1534 breviter
694 1472 863 1532 enuntiatae
872 1470 1048 1548 sententiae,

223 1555 426 1636 animadverte
447 1553 551 1630 igitur,
571 1549 691 1614 rediene
704 1553 781 1615 hanc
797 1553 974 1614 sententiam
998 1555 1046 1615 in-

221 1650 381 1718 terpreter.
425 1679 451 1710 „
465 1633 555 1713 Sica,
569 1632 810 1715 quaeiuxuriosts
822 1631 978 1697 efficientia
990 1653 1048 1705 ro·x

228 1763 256 1806 2,
279 1721 311 1781 lu
334 1731 432 1783 tatum
441 1717 596 1797 liberarent
607 1736 658 1779 eos
675 1718 812 1795 deorum,
834 1717 993 1792 demonis,
1016 1718 1048 1780 dt

224 1846 254 1882 „
275 1739 387 1863 doioris
411 1812 507 1876 metu,
544 1801 754 1881 docerentque,
786 1802 838 1890 qui
865 1797 957 1864 ellent
976 1797 1050 1872 fines

222 1907 253 1970 ᾗ,
274 1884 496 1961 cupiditatum
521 1882 596 1958 nihii
611 1883 810 1961 haereremus:
831 1904 904 1946 cum
917 1885 1049 1964 undique

223 2008 254 2043 „
277 1963 502 2044 complerentur
519 1963 736 2042 voluptatibus,
752 1984 807 2037 nec
825 1966 965 2044 haberent
985 1966 1047 2028 ulla

225 2089 255 2128 „
277 2045 319 2106 ex
343 2057 427 2124 parte
450 2044 627 2120 aliquidaut
645 2045 764 2119 dolens,
784 2060 836 2112 aut
856 2065 992 2124 aegrum,
1016 2052 1047 2110 id

221 2152 255 2212 ·„
276 2127 318 2190 est
337 2141 438 2196 autem
457 2124 582 2188 malum.
633 2123 705 2187 Hoc
716 2126 788 2188 loco
800 2128 828 2188 se
841 2140 941 2191 tenere
955 2128 1049 2197 Tria?

223 2212 288 2286 rius
311 2203 403 2271 non'
443 2209 513 2271 tuit.
567 2202 715 2290 Obseem,
743 2209 853 2294 inquit,
872 2209 1046 2291 Torquate,

225 2289 384 2371 haecdicit
425 2289 567 2372 picurus?
587 2291 670 2372 quod
682 2288 755 2353 mihi
763 2291 883 2372 quidem
895 2292 974 2354 visus
991 2294 1046 2376 est,

225 2395 302 2440 cum
314 2375 411 2451 sciret,
435 2373 514 2438 velle
525 2387 626 2436 tamen
635 2371 833 2438 confitentem
846 2375 945 2438 audire
959 2374 1047 2436 Tor-

222 2455 453 2618 quarffith
468 2454 594 2535 iilenon
617 2451 791 2535 pertimuit,
807 2458 934 2538 saneque
953 2454 1047 2519 siden·

183 2589 188 2595 .
225 2553 286 2616 ter,
400 2541 500 2603 uidem
512 2537 577 2620 ipsis
589 2541 694 2616 verbis,
705 2541 821 2622 inquit:
835 2541 882 2604 sed
895 2539 966 2621 quid
980 2539 1048 2601 sen-

224 2623 297 2696 tiat,
312 2623 506 2704 nonvidetis2
543 2619 574 2699 Si
585 2621 642 2683 alia
655 2622 758 2699 sentit,
775 2626 912 2702 inquam,
932 2622 989 2685 alia
1001 2621 1049 2684 lo-

221 2706 347 2786 quitur,
372 2722 536 2783 numquam
556 2703 736 2786 intelligam,
766 2706 836 2783 quid
857 2706 978 2770 sentiat:
1000 2706 1049 2776 sed

225 2786 318 2868 plane
325 2787 410 2862 dicit,
418 2786 684 2867 quodinteiligam.
706 2786 822 2868 idquesi
836 2791 877 2851 ita
885 2788 970 2864 dicit,
981 2807 1048 2852 non

224 2865 286 2946 esse
298 2869 551 2949 reprehendendos
576 2868 761 2945 luxuriosos,
788 2867 962 2953 fisapientes
975 2867 1048 2950 sint,

226 2951 303 3016 dicit
327 2951 466 3022 absurde:
496 2948 726 3036 similitudis
750 2955 841 3032 dicat,
866 2973 931 3018 non
950 2970 1049 3031 repre-

224 3033 398 3105 hendendos
423 3034 588 3112 parricidas,
609 3032 701 3098 finec
720 3037 821 3115 cupidi
830 3035 901 3112 sint,
916 3034 1050 3098 necdeos

224 3127 378 3190 metuant,
400 3135 457 3179 nec
478 3128 622 3193 mortem,
643 3137 701 3180 nee
714 3119 861 3183 dolorem.
884 3117 915 3180 δι
935 3130 1049 3196 tamen,

223 3199 299 3282 quid
319 3199 428 3262 attinet
445 3197 605 3263 iuxuriofis
626 3200 723 3264 ullam
740 3202 961 3282 exceptionem,
973 3202 1049 3282 dari,

224 3293 281 3362 titt
309 3276 421 3368 fingere
437 3281 565 3370 aliquot,
599 3283 667 3374 qui,
695 3303 769 3371 eum
793 3283 945 3370 luxuriose
966 3285 1052 3426 vivet·¹

232 3397 236 3405 ’
487 3375 495 3390 ¹
613 3376 619 3390 ι
657 3407 662 3418 ¹
974 3382 1055 3460 ren,
